%YAML 1.1
%TAG !u! tag:unity3d.com,2011:
--- !u!29 &1
OcclusionCullingSettings:
  m_ObjectHideFlags: 0
  serializedVersion: 2
  m_OcclusionBakeSettings:
    smallestOccluder: 5
    smallestHole: 0.25
    backfaceThreshold: 100
  m_SceneGUID: 00000000000000000000000000000000
  m_OcclusionCullingData: {fileID: 0}
--- !u!104 &2
RenderSettings:
  m_ObjectHideFlags: 0
  serializedVersion: 8
  m_Fog: 0
  m_FogColor: {r: 0.5, g: 0.5, b: 0.5, a: 1}
  m_FogMode: 3
  m_FogDensity: 0.01
  m_LinearFogStart: 0
  m_LinearFogEnd: 300
  m_AmbientSkyColor: {r: 0.212, g: 0.227, b: 0.259, a: 1}
  m_AmbientEquatorColor: {r: 0.114, g: 0.125, b: 0.133, a: 1}
  m_AmbientGroundColor: {r: 0.047, g: 0.043, b: 0.035, a: 1}
  m_AmbientIntensity: 1
  m_AmbientMode: 0
  m_SubtractiveShadowColor: {r: 0.42, g: 0.478, b: 0.627, a: 1}
  m_SkyboxMaterial: {fileID: 10304, guid: 0000000000000000f000000000000000, type: 0}
  m_HaloStrength: 0.5
  m_FlareStrength: 1
  m_FlareFadeSpeed: 3
  m_HaloTexture: {fileID: 0}
  m_SpotCookie: {fileID: 10001, guid: 0000000000000000e000000000000000, type: 0}
  m_DefaultReflectionMode: 0
  m_DefaultReflectionResolution: 128
  m_ReflectionBounces: 1
  m_ReflectionIntensity: 1
  m_CustomReflection: {fileID: 0}
  m_Sun: {fileID: 0}
  m_IndirectSpecularColor: {r: 0.44657934, g: 0.4964134, b: 0.5748173, a: 1}
--- !u!157 &3
LightmapSettings:
  m_ObjectHideFlags: 0
  serializedVersion: 11
  m_GIWorkflowMode: 0
  m_GISettings:
    serializedVersion: 2
    m_BounceScale: 1
    m_IndirectOutputScale: 1
    m_AlbedoBoost: 1
    m_TemporalCoherenceThreshold: 1
    m_EnvironmentLightingMode: 0
    m_EnableBakedLightmaps: 1
    m_EnableRealtimeLightmaps: 1
  m_LightmapEditorSettings:
    serializedVersion: 9
    m_Resolution: 2
    m_BakeResolution: 40
    m_TextureWidth: 1024
    m_TextureHeight: 1024
    m_AO: 0
    m_AOMaxDistance: 1
    m_CompAOExponent: 1
    m_CompAOExponentDirect: 0
    m_Padding: 2
    m_LightmapParameters: {fileID: 0}
    m_LightmapsBakeMode: 1
    m_TextureCompression: 1
    m_FinalGather: 0
    m_FinalGatherFiltering: 1
    m_FinalGatherRayCount: 256
    m_ReflectionCompression: 2
    m_MixedBakeMode: 2
    m_BakeBackend: 0
    m_PVRSampling: 1
    m_PVRDirectSampleCount: 32
    m_PVRSampleCount: 500
    m_PVRBounces: 2
    m_PVRFilterTypeDirect: 0
    m_PVRFilterTypeIndirect: 0
    m_PVRFilterTypeAO: 0
    m_PVRFilteringMode: 1
    m_PVRCulling: 1
    m_PVRFilteringGaussRadiusDirect: 1
    m_PVRFilteringGaussRadiusIndirect: 5
    m_PVRFilteringGaussRadiusAO: 2
    m_PVRFilteringAtrousPositionSigmaDirect: 0.5
    m_PVRFilteringAtrousPositionSigmaIndirect: 2
    m_PVRFilteringAtrousPositionSigmaAO: 1
    m_ShowResolutionOverlay: 1
  m_LightingDataAsset: {fileID: 0}
  m_UseShadowmask: 1
--- !u!196 &4
NavMeshSettings:
  serializedVersion: 2
  m_ObjectHideFlags: 0
  m_BuildSettings:
    serializedVersion: 2
    agentTypeID: 0
    agentRadius: 0.5
    agentHeight: 2
    agentSlope: 45
    agentClimb: 0.4
    ledgeDropHeight: 0
    maxJumpAcrossDistance: 0
    minRegionArea: 2
    manualCellSize: 0
    cellSize: 0.16666667
    manualTileSize: 0
    tileSize: 256
    accuratePlacement: 0
    debug:
      m_Flags: 0
  m_NavMeshData: {fileID: 0}
--- !u!1001 &159041519
Prefab:
  m_ObjectHideFlags: 0
  serializedVersion: 2
  m_Modification:
    m_TransformParent: {fileID: 1134517254}
    m_Modifications:
    - target: {fileID: 4207486500615118, guid: aa83a8e1a2f579642a4830093d47b225, type: 2}
      propertyPath: m_LocalPosition.x
      value: 2.94
      objectReference: {fileID: 0}
    - target: {fileID: 4207486500615118, guid: aa83a8e1a2f579642a4830093d47b225, type: 2}
      propertyPath: m_LocalPosition.y
      value: 0.5
      objectReference: {fileID: 0}
    - target: {fileID: 4207486500615118, guid: aa83a8e1a2f579642a4830093d47b225, type: 2}
      propertyPath: m_LocalPosition.z
      value: 4.96
      objectReference: {fileID: 0}
    - target: {fileID: 4207486500615118, guid: aa83a8e1a2f579642a4830093d47b225, type: 2}
      propertyPath: m_LocalRotation.x
      value: 0.46193978
      objectReference: {fileID: 0}
    - target: {fileID: 4207486500615118, guid: aa83a8e1a2f579642a4830093d47b225, type: 2}
      propertyPath: m_LocalRotation.y
      value: 0.19134173
      objectReference: {fileID: 0}
    - target: {fileID: 4207486500615118, guid: aa83a8e1a2f579642a4830093d47b225, type: 2}
      propertyPath: m_LocalRotation.z
      value: 0.19134173
      objectReference: {fileID: 0}
    - target: {fileID: 4207486500615118, guid: aa83a8e1a2f579642a4830093d47b225, type: 2}
      propertyPath: m_LocalRotation.w
      value: 0.84462327
      objectReference: {fileID: 0}
    - target: {fileID: 4207486500615118, guid: aa83a8e1a2f579642a4830093d47b225, type: 2}
      propertyPath: m_RootOrder
      value: 5
      objectReference: {fileID: 0}
    - target: {fileID: 4207486500615118, guid: aa83a8e1a2f579642a4830093d47b225, type: 2}
      propertyPath: m_LocalScale.y
      value: 0.50000006
      objectReference: {fileID: 0}
    - target: {fileID: 4207486500615118, guid: aa83a8e1a2f579642a4830093d47b225, type: 2}
      propertyPath: m_LocalScale.z
      value: 0.50000024
      objectReference: {fileID: 0}
    - target: {fileID: 1103488437268322, guid: aa83a8e1a2f579642a4830093d47b225, type: 2}
      propertyPath: m_Name
      value: PickUp (5)
      objectReference: {fileID: 0}
    m_RemovedComponents: []
  m_ParentPrefab: {fileID: 100100000, guid: aa83a8e1a2f579642a4830093d47b225, type: 2}
  m_IsPrefabParent: 0
--- !u!4 &159041520 stripped
Transform:
  m_PrefabParentObject: {fileID: 4207486500615118, guid: aa83a8e1a2f579642a4830093d47b225,
    type: 2}
  m_PrefabInternal: {fileID: 159041519}
--- !u!1001 &378138697
Prefab:
  m_ObjectHideFlags: 0
  serializedVersion: 2
  m_Modification:
    m_TransformParent: {fileID: 1134517254}
    m_Modifications:
    - target: {fileID: 4207486500615118, guid: aa83a8e1a2f579642a4830093d47b225, type: 2}
      propertyPath: m_LocalPosition.x
      value: -6.01
      objectReference: {fileID: 0}
    - target: {fileID: 4207486500615118, guid: aa83a8e1a2f579642a4830093d47b225, type: 2}
      propertyPath: m_LocalPosition.y
      value: 0.5
      objectReference: {fileID: 0}
    - target: {fileID: 4207486500615118, guid: aa83a8e1a2f579642a4830093d47b225, type: 2}
      propertyPath: m_LocalPosition.z
      value: -3.29
      objectReference: {fileID: 0}
    - target: {fileID: 4207486500615118, guid: aa83a8e1a2f579642a4830093d47b225, type: 2}
      propertyPath: m_LocalRotation.x
      value: 0.46193978
      objectReference: {fileID: 0}
    - target: {fileID: 4207486500615118, guid: aa83a8e1a2f579642a4830093d47b225, type: 2}
      propertyPath: m_LocalRotation.y
      value: 0.19134173
      objectReference: {fileID: 0}
    - target: {fileID: 4207486500615118, guid: aa83a8e1a2f579642a4830093d47b225, type: 2}
      propertyPath: m_LocalRotation.z
      value: 0.19134173
      objectReference: {fileID: 0}
    - target: {fileID: 4207486500615118, guid: aa83a8e1a2f579642a4830093d47b225, type: 2}
      propertyPath: m_LocalRotation.w
      value: 0.84462327
      objectReference: {fileID: 0}
    - target: {fileID: 4207486500615118, guid: aa83a8e1a2f579642a4830093d47b225, type: 2}
      propertyPath: m_RootOrder
      value: 14
      objectReference: {fileID: 0}
    - target: {fileID: 4207486500615118, guid: aa83a8e1a2f579642a4830093d47b225, type: 2}
      propertyPath: m_LocalScale.y
      value: 0.50000006
      objectReference: {fileID: 0}
    - target: {fileID: 4207486500615118, guid: aa83a8e1a2f579642a4830093d47b225, type: 2}
      propertyPath: m_LocalScale.z
      value: 0.50000024
      objectReference: {fileID: 0}
    - target: {fileID: 1103488437268322, guid: aa83a8e1a2f579642a4830093d47b225, type: 2}
      propertyPath: m_Name
      value: PickUp (14)
      objectReference: {fileID: 0}
    m_RemovedComponents: []
  m_ParentPrefab: {fileID: 100100000, guid: aa83a8e1a2f579642a4830093d47b225, type: 2}
  m_IsPrefabParent: 0
--- !u!4 &378138698 stripped
Transform:
  m_PrefabParentObject: {fileID: 4207486500615118, guid: aa83a8e1a2f579642a4830093d47b225,
    type: 2}
  m_PrefabInternal: {fileID: 378138697}
--- !u!1001 &403340265
Prefab:
  m_ObjectHideFlags: 0
  serializedVersion: 2
  m_Modification:
    m_TransformParent: {fileID: 1134517254}
    m_Modifications:
    - target: {fileID: 4207486500615118, guid: aa83a8e1a2f579642a4830093d47b225, type: 2}
      propertyPath: m_LocalPosition.x
      value: -4.97
      objectReference: {fileID: 0}
    - target: {fileID: 4207486500615118, guid: aa83a8e1a2f579642a4830093d47b225, type: 2}
      propertyPath: m_LocalPosition.y
      value: 0.5
      objectReference: {fileID: 0}
    - target: {fileID: 4207486500615118, guid: aa83a8e1a2f579642a4830093d47b225, type: 2}
      propertyPath: m_LocalPosition.z
      value: -4.62
      objectReference: {fileID: 0}
    - target: {fileID: 4207486500615118, guid: aa83a8e1a2f579642a4830093d47b225, type: 2}
      propertyPath: m_LocalRotation.x
      value: 0.46193978
      objectReference: {fileID: 0}
    - target: {fileID: 4207486500615118, guid: aa83a8e1a2f579642a4830093d47b225, type: 2}
      propertyPath: m_LocalRotation.y
      value: 0.19134173
      objectReference: {fileID: 0}
    - target: {fileID: 4207486500615118, guid: aa83a8e1a2f579642a4830093d47b225, type: 2}
      propertyPath: m_LocalRotation.z
      value: 0.19134173
      objectReference: {fileID: 0}
    - target: {fileID: 4207486500615118, guid: aa83a8e1a2f579642a4830093d47b225, type: 2}
      propertyPath: m_LocalRotation.w
      value: 0.84462327
      objectReference: {fileID: 0}
    - target: {fileID: 4207486500615118, guid: aa83a8e1a2f579642a4830093d47b225, type: 2}
      propertyPath: m_RootOrder
      value: 13
      objectReference: {fileID: 0}
    - target: {fileID: 4207486500615118, guid: aa83a8e1a2f579642a4830093d47b225, type: 2}
      propertyPath: m_LocalScale.y
      value: 0.50000006
      objectReference: {fileID: 0}
    - target: {fileID: 4207486500615118, guid: aa83a8e1a2f579642a4830093d47b225, type: 2}
      propertyPath: m_LocalScale.z
      value: 0.50000024
      objectReference: {fileID: 0}
    - target: {fileID: 1103488437268322, guid: aa83a8e1a2f579642a4830093d47b225, type: 2}
      propertyPath: m_Name
      value: PickUp (13)
      objectReference: {fileID: 0}
    m_RemovedComponents: []
  m_ParentPrefab: {fileID: 100100000, guid: aa83a8e1a2f579642a4830093d47b225, type: 2}
  m_IsPrefabParent: 0
--- !u!4 &403340266 stripped
Transform:
  m_PrefabParentObject: {fileID: 4207486500615118, guid: aa83a8e1a2f579642a4830093d47b225,
    type: 2}
  m_PrefabInternal: {fileID: 403340265}
--- !u!1001 &423348692
Prefab:
  m_ObjectHideFlags: 0
  serializedVersion: 2
  m_Modification:
    m_TransformParent: {fileID: 1134517254}
    m_Modifications:
    - target: {fileID: 4207486500615118, guid: aa83a8e1a2f579642a4830093d47b225, type: 2}
      propertyPath: m_LocalPosition.x
      value: -3.64
      objectReference: {fileID: 0}
    - target: {fileID: 4207486500615118, guid: aa83a8e1a2f579642a4830093d47b225, type: 2}
      propertyPath: m_LocalPosition.y
      value: 0.5
      objectReference: {fileID: 0}
    - target: {fileID: 4207486500615118, guid: aa83a8e1a2f579642a4830093d47b225, type: 2}
      propertyPath: m_LocalPosition.z
      value: -5.83
      objectReference: {fileID: 0}
    - target: {fileID: 4207486500615118, guid: aa83a8e1a2f579642a4830093d47b225, type: 2}
      propertyPath: m_LocalRotation.x
      value: 0.46193978
      objectReference: {fileID: 0}
    - target: {fileID: 4207486500615118, guid: aa83a8e1a2f579642a4830093d47b225, type: 2}
      propertyPath: m_LocalRotation.y
      value: 0.19134173
      objectReference: {fileID: 0}
    - target: {fileID: 4207486500615118, guid: aa83a8e1a2f579642a4830093d47b225, type: 2}
      propertyPath: m_LocalRotation.z
      value: 0.19134173
      objectReference: {fileID: 0}
    - target: {fileID: 4207486500615118, guid: aa83a8e1a2f579642a4830093d47b225, type: 2}
      propertyPath: m_LocalRotation.w
      value: 0.84462327
      objectReference: {fileID: 0}
    - target: {fileID: 4207486500615118, guid: aa83a8e1a2f579642a4830093d47b225, type: 2}
      propertyPath: m_RootOrder
      value: 12
      objectReference: {fileID: 0}
    - target: {fileID: 4207486500615118, guid: aa83a8e1a2f579642a4830093d47b225, type: 2}
      propertyPath: m_LocalScale.y
      value: 0.50000006
      objectReference: {fileID: 0}
    - target: {fileID: 4207486500615118, guid: aa83a8e1a2f579642a4830093d47b225, type: 2}
      propertyPath: m_LocalScale.z
      value: 0.50000024
      objectReference: {fileID: 0}
    - target: {fileID: 1103488437268322, guid: aa83a8e1a2f579642a4830093d47b225, type: 2}
      propertyPath: m_Name
      value: PickUp (12)
      objectReference: {fileID: 0}
    m_RemovedComponents: []
  m_ParentPrefab: {fileID: 100100000, guid: aa83a8e1a2f579642a4830093d47b225, type: 2}
  m_IsPrefabParent: 0
--- !u!4 &423348693 stripped
Transform:
  m_PrefabParentObject: {fileID: 4207486500615118, guid: aa83a8e1a2f579642a4830093d47b225,
    type: 2}
  m_PrefabInternal: {fileID: 423348692}
--- !u!1001 &440398633
Prefab:
  m_ObjectHideFlags: 0
  serializedVersion: 2
  m_Modification:
    m_TransformParent: {fileID: 1134517254}
    m_Modifications:
    - target: {fileID: 4207486500615118, guid: aa83a8e1a2f579642a4830093d47b225, type: 2}
      propertyPath: m_LocalPosition.x
      value: -2.66
      objectReference: {fileID: 0}
    - target: {fileID: 4207486500615118, guid: aa83a8e1a2f579642a4830093d47b225, type: 2}
      propertyPath: m_LocalPosition.y
      value: 0.5
      objectReference: {fileID: 0}
    - target: {fileID: 4207486500615118, guid: aa83a8e1a2f579642a4830093d47b225, type: 2}
      propertyPath: m_LocalPosition.z
      value: 6
      objectReference: {fileID: 0}
    - target: {fileID: 4207486500615118, guid: aa83a8e1a2f579642a4830093d47b225, type: 2}
      propertyPath: m_LocalRotation.x
      value: 0.46193978
      objectReference: {fileID: 0}
    - target: {fileID: 4207486500615118, guid: aa83a8e1a2f579642a4830093d47b225, type: 2}
      propertyPath: m_LocalRotation.y
      value: 0.19134173
      objectReference: {fileID: 0}
    - target: {fileID: 4207486500615118, guid: aa83a8e1a2f579642a4830093d47b225, type: 2}
      propertyPath: m_LocalRotation.z
      value: 0.19134173
      objectReference: {fileID: 0}
    - target: {fileID: 4207486500615118, guid: aa83a8e1a2f579642a4830093d47b225, type: 2}
      propertyPath: m_LocalRotation.w
      value: 0.84462327
      objectReference: {fileID: 0}
    - target: {fileID: 4207486500615118, guid: aa83a8e1a2f579642a4830093d47b225, type: 2}
      propertyPath: m_RootOrder
      value: 1
      objectReference: {fileID: 0}
    - target: {fileID: 4207486500615118, guid: aa83a8e1a2f579642a4830093d47b225, type: 2}
      propertyPath: m_LocalScale.y
      value: 0.50000006
      objectReference: {fileID: 0}
    - target: {fileID: 4207486500615118, guid: aa83a8e1a2f579642a4830093d47b225, type: 2}
      propertyPath: m_LocalScale.z
      value: 0.50000024
      objectReference: {fileID: 0}
    - target: {fileID: 1103488437268322, guid: aa83a8e1a2f579642a4830093d47b225, type: 2}
      propertyPath: m_Name
      value: PickUp (1)
      objectReference: {fileID: 0}
    m_RemovedComponents: []
  m_ParentPrefab: {fileID: 100100000, guid: aa83a8e1a2f579642a4830093d47b225, type: 2}
  m_IsPrefabParent: 0
--- !u!4 &440398634 stripped
Transform:
  m_PrefabParentObject: {fileID: 4207486500615118, guid: aa83a8e1a2f579642a4830093d47b225,
    type: 2}
  m_PrefabInternal: {fileID: 440398633}
--- !u!1 &489420909
GameObject:
  m_ObjectHideFlags: 0
  m_PrefabParentObject: {fileID: 0}
  m_PrefabInternal: {fileID: 0}
  serializedVersion: 5
  m_Component:
  - component: {fileID: 489420913}
  - component: {fileID: 489420912}
  - component: {fileID: 489420911}
  - component: {fileID: 489420910}
  m_Layer: 0
  m_Name: Ground
  m_TagString: Untagged
  m_Icon: {fileID: 0}
  m_NavMeshLayer: 0
  m_StaticEditorFlags: 0
  m_IsActive: 1
--- !u!23 &489420910
MeshRenderer:
  m_ObjectHideFlags: 0
  m_PrefabParentObject: {fileID: 0}
  m_PrefabInternal: {fileID: 0}
  m_GameObject: {fileID: 489420909}
  m_Enabled: 1
  m_CastShadows: 1
  m_ReceiveShadows: 1
  m_DynamicOccludee: 1
  m_MotionVectors: 1
  m_LightProbeUsage: 1
  m_ReflectionProbeUsage: 1
  m_Materials:
  - {fileID: 2100000, guid: a9f5259c864e08f44a836ad59eb053e2, type: 2}
  m_StaticBatchInfo:
    firstSubMesh: 0
    subMeshCount: 0
  m_StaticBatchRoot: {fileID: 0}
  m_ProbeAnchor: {fileID: 0}
  m_LightProbeVolumeOverride: {fileID: 0}
  m_ScaleInLightmap: 1
  m_PreserveUVs: 1
  m_IgnoreNormalsForChartDetection: 0
  m_ImportantGI: 0
  m_StitchLightmapSeams: 0
  m_SelectedEditorRenderState: 3
  m_MinimumChartSize: 4
  m_AutoUVMaxDistance: 0.5
  m_AutoUVMaxAngle: 89
  m_LightmapParameters: {fileID: 0}
  m_SortingLayerID: 0
  m_SortingLayer: 0
  m_SortingOrder: 0
--- !u!64 &489420911
MeshCollider:
  m_ObjectHideFlags: 0
  m_PrefabParentObject: {fileID: 0}
  m_PrefabInternal: {fileID: 0}
  m_GameObject: {fileID: 489420909}
  m_Material: {fileID: 0}
  m_IsTrigger: 0
  m_Enabled: 1
  serializedVersion: 3
  m_Convex: 0
  m_CookingOptions: 14
  m_SkinWidth: 0.01
  m_Mesh: {fileID: 10209, guid: 0000000000000000e000000000000000, type: 0}
--- !u!33 &489420912
MeshFilter:
  m_ObjectHideFlags: 0
  m_PrefabParentObject: {fileID: 0}
  m_PrefabInternal: {fileID: 0}
  m_GameObject: {fileID: 489420909}
  m_Mesh: {fileID: 10209, guid: 0000000000000000e000000000000000, type: 0}
--- !u!4 &489420913
Transform:
  m_ObjectHideFlags: 0
  m_PrefabParentObject: {fileID: 0}
  m_PrefabInternal: {fileID: 0}
  m_GameObject: {fileID: 489420909}
  m_LocalRotation: {x: 0, y: 0, z: 0, w: 1}
  m_LocalPosition: {x: 0, y: 0, z: 0}
  m_LocalScale: {x: 2, y: 1, z: 2}
  m_Children: []
  m_Father: {fileID: 0}
  m_RootOrder: 1
  m_LocalEulerAnglesHint: {x: 0, y: 0, z: 0}
--- !u!1001 &565974321
Prefab:
  m_ObjectHideFlags: 0
  serializedVersion: 2
  m_Modification:
    m_TransformParent: {fileID: 1134517254}
    m_Modifications:
    - target: {fileID: 4207486500615118, guid: aa83a8e1a2f579642a4830093d47b225, type: 2}
      propertyPath: m_LocalPosition.x
      value: -1.16
      objectReference: {fileID: 0}
    - target: {fileID: 4207486500615118, guid: aa83a8e1a2f579642a4830093d47b225, type: 2}
      propertyPath: m_LocalPosition.y
      value: 0.5
      objectReference: {fileID: 0}
    - target: {fileID: 4207486500615118, guid: aa83a8e1a2f579642a4830093d47b225, type: 2}
      propertyPath: m_LocalPosition.z
      value: -6.7
      objectReference: {fileID: 0}
    - target: {fileID: 4207486500615118, guid: aa83a8e1a2f579642a4830093d47b225, type: 2}
      propertyPath: m_LocalRotation.x
      value: 0.46193978
      objectReference: {fileID: 0}
    - target: {fileID: 4207486500615118, guid: aa83a8e1a2f579642a4830093d47b225, type: 2}
      propertyPath: m_LocalRotation.y
      value: 0.19134173
      objectReference: {fileID: 0}
    - target: {fileID: 4207486500615118, guid: aa83a8e1a2f579642a4830093d47b225, type: 2}
      propertyPath: m_LocalRotation.z
      value: 0.19134173
      objectReference: {fileID: 0}
    - target: {fileID: 4207486500615118, guid: aa83a8e1a2f579642a4830093d47b225, type: 2}
      propertyPath: m_LocalRotation.w
      value: 0.84462327
      objectReference: {fileID: 0}
    - target: {fileID: 4207486500615118, guid: aa83a8e1a2f579642a4830093d47b225, type: 2}
      propertyPath: m_RootOrder
      value: 11
      objectReference: {fileID: 0}
    - target: {fileID: 4207486500615118, guid: aa83a8e1a2f579642a4830093d47b225, type: 2}
      propertyPath: m_LocalScale.y
      value: 0.50000006
      objectReference: {fileID: 0}
    - target: {fileID: 4207486500615118, guid: aa83a8e1a2f579642a4830093d47b225, type: 2}
      propertyPath: m_LocalScale.z
      value: 0.50000024
      objectReference: {fileID: 0}
    - target: {fileID: 1103488437268322, guid: aa83a8e1a2f579642a4830093d47b225, type: 2}
      propertyPath: m_Name
      value: PickUp (11)
      objectReference: {fileID: 0}
    m_RemovedComponents: []
  m_ParentPrefab: {fileID: 100100000, guid: aa83a8e1a2f579642a4830093d47b225, type: 2}
  m_IsPrefabParent: 0
--- !u!4 &565974322 stripped
Transform:
  m_PrefabParentObject: {fileID: 4207486500615118, guid: aa83a8e1a2f579642a4830093d47b225,
    type: 2}
  m_PrefabInternal: {fileID: 565974321}
--- !u!1 &610350750
GameObject:
  m_ObjectHideFlags: 0
  m_PrefabParentObject: {fileID: 0}
  m_PrefabInternal: {fileID: 0}
  serializedVersion: 5
  m_Component:
  - component: {fileID: 610350752}
  - component: {fileID: 610350751}
  m_Layer: 0
  m_Name: Audio Source
  m_TagString: Untagged
  m_Icon: {fileID: 0}
  m_NavMeshLayer: 0
  m_StaticEditorFlags: 0
  m_IsActive: 1
--- !u!82 &610350751
AudioSource:
  m_ObjectHideFlags: 0
  m_PrefabParentObject: {fileID: 0}
  m_PrefabInternal: {fileID: 0}
  m_GameObject: {fileID: 610350750}
  m_Enabled: 1
  serializedVersion: 4
  OutputAudioMixerGroup: {fileID: 0}
  m_audioClip: {fileID: 8300000, guid: 2df2fcad1c5a7954fa5eadee7fda77eb, type: 3}
  m_PlayOnAwake: 1
  m_Volume: 1
  m_Pitch: 1
  Loop: 1
  Mute: 0
  Spatialize: 0
  SpatializePostEffects: 0
  Priority: 128
  DopplerLevel: 1
  MinDistance: 1
  MaxDistance: 500
  Pan2D: 0
  rolloffMode: 0
  BypassEffects: 0
  BypassListenerEffects: 0
  BypassReverbZones: 0
  rolloffCustomCurve:
    serializedVersion: 2
    m_Curve:
    - serializedVersion: 2
      time: 0
      value: 1
      inSlope: 0
      outSlope: 0
      tangentMode: 0
    - serializedVersion: 2
      time: 1
      value: 0
      inSlope: 0
      outSlope: 0
      tangentMode: 0
    m_PreInfinity: 2
    m_PostInfinity: 2
    m_RotationOrder: 4
  panLevelCustomCurve:
    serializedVersion: 2
    m_Curve:
    - serializedVersion: 2
      time: 0
      value: 0
      inSlope: 0
      outSlope: 0
      tangentMode: 0
    m_PreInfinity: 2
    m_PostInfinity: 2
    m_RotationOrder: 0
  spreadCustomCurve:
    serializedVersion: 2
    m_Curve:
    - serializedVersion: 2
      time: 0
      value: 0
      inSlope: 0
      outSlope: 0
      tangentMode: 0
    m_PreInfinity: 2
    m_PostInfinity: 2
    m_RotationOrder: 0
  reverbZoneMixCustomCurve:
    serializedVersion: 2
    m_Curve:
    - serializedVersion: 2
      time: 0
      value: 1
      inSlope: 0
      outSlope: 0
      tangentMode: 0
    m_PreInfinity: 2
    m_PostInfinity: 2
    m_RotationOrder: 0
--- !u!4 &610350752
Transform:
  m_ObjectHideFlags: 0
  m_PrefabParentObject: {fileID: 0}
  m_PrefabInternal: {fileID: 0}
  m_GameObject: {fileID: 610350750}
  m_LocalRotation: {x: 0, y: 0, z: 0, w: 1}
  m_LocalPosition: {x: -136.03394, y: 13.313782, z: 202.94856}
  m_LocalScale: {x: 1, y: 1, z: 1}
  m_Children: []
  m_Father: {fileID: 0}
  m_RootOrder: 5
  m_LocalEulerAnglesHint: {x: 0, y: 0, z: 0}
--- !u!1 &652687961
GameObject:
  m_ObjectHideFlags: 0
  m_PrefabParentObject: {fileID: 0}
  m_PrefabInternal: {fileID: 0}
  serializedVersion: 5
  m_Component:
  - component: {fileID: 652687965}
  - component: {fileID: 652687964}
  - component: {fileID: 652687963}
  - component: {fileID: 652687962}
  - component: {fileID: 652687966}
  m_Layer: 0
  m_Name: Main Camera
  m_TagString: MainCamera
  m_Icon: {fileID: 0}
  m_NavMeshLayer: 0
  m_StaticEditorFlags: 0
  m_IsActive: 1
--- !u!81 &652687962
AudioListener:
  m_ObjectHideFlags: 0
  m_PrefabParentObject: {fileID: 0}
  m_PrefabInternal: {fileID: 0}
  m_GameObject: {fileID: 652687961}
  m_Enabled: 1
--- !u!124 &652687963
Behaviour:
  m_ObjectHideFlags: 0
  m_PrefabParentObject: {fileID: 0}
  m_PrefabInternal: {fileID: 0}
  m_GameObject: {fileID: 652687961}
  m_Enabled: 1
--- !u!20 &652687964
Camera:
  m_ObjectHideFlags: 0
  m_PrefabParentObject: {fileID: 0}
  m_PrefabInternal: {fileID: 0}
  m_GameObject: {fileID: 652687961}
  m_Enabled: 1
  serializedVersion: 2
  m_ClearFlags: 1
  m_BackGroundColor: {r: 0.19215687, g: 0.3019608, b: 0.4745098, a: 0}
  m_NormalizedViewPortRect:
    serializedVersion: 2
    x: 0
    y: 0
    width: 1
    height: 1
  near clip plane: 0.3
  far clip plane: 1000
  field of view: 60
  orthographic: 0
  orthographic size: 5
  m_Depth: -1
  m_CullingMask:
    serializedVersion: 2
    m_Bits: 4294967295
  m_RenderingPath: -1
  m_TargetTexture: {fileID: 0}
  m_TargetDisplay: 0
  m_TargetEye: 3
  m_HDR: 1
  m_AllowMSAA: 1
  m_AllowDynamicResolution: 0
  m_ForceIntoRT: 0
  m_OcclusionCulling: 1
  m_StereoConvergence: 10
  m_StereoSeparation: 0.022
--- !u!4 &652687965
Transform:
  m_ObjectHideFlags: 0
  m_PrefabParentObject: {fileID: 0}
  m_PrefabInternal: {fileID: 0}
  m_GameObject: {fileID: 652687961}
  m_LocalRotation: {x: 0.38268343, y: -0, z: -0, w: 0.92387956}
  m_LocalPosition: {x: 0, y: 10, z: -10}
  m_LocalScale: {x: 1, y: 1, z: 1}
  m_Children: []
  m_Father: {fileID: 0}
  m_RootOrder: 3
  m_LocalEulerAnglesHint: {x: 45, y: 0, z: 0}
--- !u!114 &652687966
MonoBehaviour:
  m_ObjectHideFlags: 0
  m_PrefabParentObject: {fileID: 0}
  m_PrefabInternal: {fileID: 0}
  m_GameObject: {fileID: 652687961}
  m_Enabled: 1
  m_EditorHideFlags: 0
  m_Script: {fileID: 11500000, guid: 6bd9031d8de60ae46924f14607ed5973, type: 3}
  m_Name: 
  m_EditorClassIdentifier: 
  player: {fileID: 1268766934}
--- !u!4 &654056625 stripped
Transform:
  m_PrefabParentObject: {fileID: 4207486500615118, guid: aa83a8e1a2f579642a4830093d47b225,
    type: 2}
  m_PrefabInternal: {fileID: 2065179798}
--- !u!1 &657786980
GameObject:
  m_ObjectHideFlags: 0
  m_PrefabParentObject: {fileID: 0}
  m_PrefabInternal: {fileID: 0}
  serializedVersion: 5
  m_Component:
  - component: {fileID: 657786981}
  - component: {fileID: 657786983}
  - component: {fileID: 657786982}
  m_Layer: 5
  m_Name: Count Text
  m_TagString: Untagged
  m_Icon: {fileID: 0}
  m_NavMeshLayer: 0
  m_StaticEditorFlags: 0
  m_IsActive: 1
--- !u!224 &657786981
RectTransform:
  m_ObjectHideFlags: 0
  m_PrefabParentObject: {fileID: 0}
  m_PrefabInternal: {fileID: 0}
  m_GameObject: {fileID: 657786980}
  m_LocalRotation: {x: -0, y: -0, z: -0, w: 1}
  m_LocalPosition: {x: 0, y: 0, z: 0}
  m_LocalScale: {x: 1, y: 1, z: 1}
  m_Children: []
  m_Father: {fileID: 1488494353}
  m_RootOrder: 0
  m_LocalEulerAnglesHint: {x: 0, y: 0, z: 0}
  m_AnchorMin: {x: 0, y: 1}
  m_AnchorMax: {x: 1, y: 1}
  m_AnchoredPosition: {x: 0, y: 0}
  m_SizeDelta: {x: 0, y: 100}
  m_Pivot: {x: 0.5, y: 1}
--- !u!114 &657786982
MonoBehaviour:
  m_ObjectHideFlags: 0
  m_PrefabParentObject: {fileID: 0}
  m_PrefabInternal: {fileID: 0}
  m_GameObject: {fileID: 657786980}
  m_Enabled: 1
  m_EditorHideFlags: 0
  m_Script: {fileID: 708705254, guid: f70555f144d8491a825f0804e09c671c, type: 3}
  m_Name: 
  m_EditorClassIdentifier: 
  m_Material: {fileID: 0}
  m_Color: {r: 1, g: 1, b: 1, a: 1}
  m_RaycastTarget: 1
  m_OnCullStateChanged:
    m_PersistentCalls:
      m_Calls: []
    m_TypeName: UnityEngine.UI.MaskableGraphic+CullStateChangedEvent, UnityEngine.UI,
      Version=1.0.0.0, Culture=neutral, PublicKeyToken=null
  m_FontData:
    m_Font: {fileID: 10102, guid: 0000000000000000e000000000000000, type: 0}
    m_FontSize: 25
    m_FontStyle: 0
    m_BestFit: 0
    m_MinSize: 2
    m_MaxSize: 40
    m_Alignment: 0
    m_AlignByGeometry: 0
    m_RichText: 1
    m_HorizontalOverflow: 0
    m_VerticalOverflow: 0
    m_LineSpacing: 1
  m_Text: Count Text
--- !u!222 &657786983
CanvasRenderer:
  m_ObjectHideFlags: 0
  m_PrefabParentObject: {fileID: 0}
  m_PrefabInternal: {fileID: 0}
  m_GameObject: {fileID: 657786980}
--- !u!1 &659187042
GameObject:
  m_ObjectHideFlags: 0
  m_PrefabParentObject: {fileID: 0}
  m_PrefabInternal: {fileID: 0}
  serializedVersion: 5
  m_Component:
  - component: {fileID: 659187046}
  - component: {fileID: 659187045}
  - component: {fileID: 659187044}
  - component: {fileID: 659187043}
  m_Layer: 0
  m_Name: South Wall
  m_TagString: Untagged
  m_Icon: {fileID: 0}
  m_NavMeshLayer: 0
  m_StaticEditorFlags: 0
  m_IsActive: 1
--- !u!23 &659187043
MeshRenderer:
  m_ObjectHideFlags: 0
  m_PrefabParentObject: {fileID: 0}
  m_PrefabInternal: {fileID: 0}
  m_GameObject: {fileID: 659187042}
  m_Enabled: 1
  m_CastShadows: 1
  m_ReceiveShadows: 1
  m_DynamicOccludee: 1
  m_MotionVectors: 1
  m_LightProbeUsage: 1
  m_ReflectionProbeUsage: 1
  m_Materials:
  - {fileID: 10303, guid: 0000000000000000f000000000000000, type: 0}
  m_StaticBatchInfo:
    firstSubMesh: 0
    subMeshCount: 0
  m_StaticBatchRoot: {fileID: 0}
  m_ProbeAnchor: {fileID: 0}
  m_LightProbeVolumeOverride: {fileID: 0}
  m_ScaleInLightmap: 1
  m_PreserveUVs: 1
  m_IgnoreNormalsForChartDetection: 0
  m_ImportantGI: 0
  m_StitchLightmapSeams: 0
  m_SelectedEditorRenderState: 3
  m_MinimumChartSize: 4
  m_AutoUVMaxDistance: 0.5
  m_AutoUVMaxAngle: 89
  m_LightmapParameters: {fileID: 0}
  m_SortingLayerID: 0
  m_SortingLayer: 0
  m_SortingOrder: 0
--- !u!65 &659187044
BoxCollider:
  m_ObjectHideFlags: 0
  m_PrefabParentObject: {fileID: 0}
  m_PrefabInternal: {fileID: 0}
  m_GameObject: {fileID: 659187042}
  m_Material: {fileID: 0}
  m_IsTrigger: 0
  m_Enabled: 1
  serializedVersion: 2
  m_Size: {x: 1, y: 1, z: 1}
  m_Center: {x: 0, y: 0, z: 0}
--- !u!33 &659187045
MeshFilter:
  m_ObjectHideFlags: 0
  m_PrefabParentObject: {fileID: 0}
  m_PrefabInternal: {fileID: 0}
  m_GameObject: {fileID: 659187042}
  m_Mesh: {fileID: 10202, guid: 0000000000000000e000000000000000, type: 0}
--- !u!4 &659187046
Transform:
  m_ObjectHideFlags: 0
  m_PrefabParentObject: {fileID: 0}
  m_PrefabInternal: {fileID: 0}
  m_GameObject: {fileID: 659187042}
  m_LocalRotation: {x: -0, y: -0, z: -0, w: 1}
  m_LocalPosition: {x: 0, y: 0, z: -10}
  m_LocalScale: {x: 20.5, y: 2, z: 0.5}
  m_Children: []
  m_Father: {fileID: 759333255}
  m_RootOrder: 3
  m_LocalEulerAnglesHint: {x: 0, y: 0, z: 0}
--- !u!1 &759333254
GameObject:
  m_ObjectHideFlags: 0
  m_PrefabParentObject: {fileID: 0}
  m_PrefabInternal: {fileID: 0}
  serializedVersion: 5
  m_Component:
  - component: {fileID: 759333255}
  m_Layer: 0
  m_Name: Walls
  m_TagString: Untagged
  m_Icon: {fileID: 0}
  m_NavMeshLayer: 0
  m_StaticEditorFlags: 0
  m_IsActive: 1
--- !u!4 &759333255
Transform:
  m_ObjectHideFlags: 0
  m_PrefabParentObject: {fileID: 0}
  m_PrefabInternal: {fileID: 0}
  m_GameObject: {fileID: 759333254}
  m_LocalRotation: {x: -0, y: -0, z: -0, w: 1}
  m_LocalPosition: {x: 0, y: 0, z: 0}
  m_LocalScale: {x: 1, y: 1, z: 1}
  m_Children:
  - {fileID: 1285018914}
  - {fileID: 920842713}
  - {fileID: 805333741}
  - {fileID: 659187046}
  m_Father: {fileID: 1134517254}
  m_RootOrder: 18
  m_LocalEulerAnglesHint: {x: 0, y: 0, z: 0}
--- !u!1 &764037061
GameObject:
  m_ObjectHideFlags: 0
  m_PrefabParentObject: {fileID: 0}
  m_PrefabInternal: {fileID: 0}
  serializedVersion: 5
  m_Component:
  - component: {fileID: 764037062}
  - component: {fileID: 764037064}
  - component: {fileID: 764037063}
  m_Layer: 5
  m_Name: Win Text
  m_TagString: Untagged
  m_Icon: {fileID: 0}
  m_NavMeshLayer: 0
  m_StaticEditorFlags: 0
  m_IsActive: 1
--- !u!224 &764037062
RectTransform:
  m_ObjectHideFlags: 0
  m_PrefabParentObject: {fileID: 0}
  m_PrefabInternal: {fileID: 0}
  m_GameObject: {fileID: 764037061}
  m_LocalRotation: {x: -0, y: -0, z: -0, w: 1}
  m_LocalPosition: {x: 0, y: 0, z: 0}
  m_LocalScale: {x: 1, y: 1, z: 1}
  m_Children: []
  m_Father: {fileID: 1488494353}
  m_RootOrder: 1
  m_LocalEulerAnglesHint: {x: 0, y: 0, z: 0}
  m_AnchorMin: {x: 0.5, y: 0.5}
  m_AnchorMax: {x: 0.5, y: 0.5}
  m_AnchoredPosition: {x: 0, y: 75}
  m_SizeDelta: {x: 100, y: 100}
  m_Pivot: {x: 0.5, y: 0.5}
--- !u!114 &764037063
MonoBehaviour:
  m_ObjectHideFlags: 0
  m_PrefabParentObject: {fileID: 0}
  m_PrefabInternal: {fileID: 0}
  m_GameObject: {fileID: 764037061}
  m_Enabled: 1
  m_EditorHideFlags: 0
  m_Script: {fileID: 708705254, guid: f70555f144d8491a825f0804e09c671c, type: 3}
  m_Name: 
  m_EditorClassIdentifier: 
  m_Material: {fileID: 0}
  m_Color: {r: 1, g: 1, b: 1, a: 1}
  m_RaycastTarget: 1
  m_OnCullStateChanged:
    m_PersistentCalls:
      m_Calls: []
    m_TypeName: UnityEngine.UI.MaskableGraphic+CullStateChangedEvent, UnityEngine.UI,
      Version=1.0.0.0, Culture=neutral, PublicKeyToken=null
  m_FontData:
    m_Font: {fileID: 10102, guid: 0000000000000000e000000000000000, type: 0}
    m_FontSize: 24
    m_FontStyle: 0
    m_BestFit: 0
    m_MinSize: 2
    m_MaxSize: 40
    m_Alignment: 1
    m_AlignByGeometry: 0
    m_RichText: 1
    m_HorizontalOverflow: 0
    m_VerticalOverflow: 0
    m_LineSpacing: 1
  m_Text: Win Text
--- !u!222 &764037064
CanvasRenderer:
  m_ObjectHideFlags: 0
  m_PrefabParentObject: {fileID: 0}
  m_PrefabInternal: {fileID: 0}
  m_GameObject: {fileID: 764037061}
--- !u!1 &805333737
GameObject:
  m_ObjectHideFlags: 0
  m_PrefabParentObject: {fileID: 0}
  m_PrefabInternal: {fileID: 0}
  serializedVersion: 5
  m_Component:
  - component: {fileID: 805333741}
  - component: {fileID: 805333740}
  - component: {fileID: 805333739}
  - component: {fileID: 805333738}
  m_Layer: 0
  m_Name: North Wall
  m_TagString: Untagged
  m_Icon: {fileID: 0}
  m_NavMeshLayer: 0
  m_StaticEditorFlags: 0
  m_IsActive: 1
--- !u!23 &805333738
MeshRenderer:
  m_ObjectHideFlags: 0
  m_PrefabParentObject: {fileID: 0}
  m_PrefabInternal: {fileID: 0}
  m_GameObject: {fileID: 805333737}
  m_Enabled: 1
  m_CastShadows: 1
  m_ReceiveShadows: 1
  m_DynamicOccludee: 1
  m_MotionVectors: 1
  m_LightProbeUsage: 1
  m_ReflectionProbeUsage: 1
  m_Materials:
  - {fileID: 10303, guid: 0000000000000000f000000000000000, type: 0}
  m_StaticBatchInfo:
    firstSubMesh: 0
    subMeshCount: 0
  m_StaticBatchRoot: {fileID: 0}
  m_ProbeAnchor: {fileID: 0}
  m_LightProbeVolumeOverride: {fileID: 0}
  m_ScaleInLightmap: 1
  m_PreserveUVs: 1
  m_IgnoreNormalsForChartDetection: 0
  m_ImportantGI: 0
  m_StitchLightmapSeams: 0
  m_SelectedEditorRenderState: 3
  m_MinimumChartSize: 4
  m_AutoUVMaxDistance: 0.5
  m_AutoUVMaxAngle: 89
  m_LightmapParameters: {fileID: 0}
  m_SortingLayerID: 0
  m_SortingLayer: 0
  m_SortingOrder: 0
--- !u!65 &805333739
BoxCollider:
  m_ObjectHideFlags: 0
  m_PrefabParentObject: {fileID: 0}
  m_PrefabInternal: {fileID: 0}
  m_GameObject: {fileID: 805333737}
  m_Material: {fileID: 0}
  m_IsTrigger: 0
  m_Enabled: 1
  serializedVersion: 2
  m_Size: {x: 1, y: 1, z: 1}
  m_Center: {x: 0, y: 0, z: 0}
--- !u!33 &805333740
MeshFilter:
  m_ObjectHideFlags: 0
  m_PrefabParentObject: {fileID: 0}
  m_PrefabInternal: {fileID: 0}
  m_GameObject: {fileID: 805333737}
  m_Mesh: {fileID: 10202, guid: 0000000000000000e000000000000000, type: 0}
--- !u!4 &805333741
Transform:
  m_ObjectHideFlags: 0
  m_PrefabParentObject: {fileID: 0}
  m_PrefabInternal: {fileID: 0}
  m_GameObject: {fileID: 805333737}
  m_LocalRotation: {x: -0, y: -0, z: -0, w: 1}
  m_LocalPosition: {x: 0, y: 0, z: 10}
  m_LocalScale: {x: 20.5, y: 2, z: 0.5}
  m_Children: []
  m_Father: {fileID: 759333255}
  m_RootOrder: 2
  m_LocalEulerAnglesHint: {x: 0, y: 0, z: 0}
--- !u!1 &856213509
GameObject:
  m_ObjectHideFlags: 0
  m_PrefabParentObject: {fileID: 0}
  m_PrefabInternal: {fileID: 0}
  serializedVersion: 5
  m_Component:
  - component: {fileID: 856213512}
  - component: {fileID: 856213511}
  - component: {fileID: 856213510}
  m_Layer: 0
  m_Name: EventSystem
  m_TagString: Untagged
  m_Icon: {fileID: 0}
  m_NavMeshLayer: 0
  m_StaticEditorFlags: 0
  m_IsActive: 1
--- !u!114 &856213510
MonoBehaviour:
  m_ObjectHideFlags: 0
  m_PrefabParentObject: {fileID: 0}
  m_PrefabInternal: {fileID: 0}
  m_GameObject: {fileID: 856213509}
  m_Enabled: 1
  m_EditorHideFlags: 0
  m_Script: {fileID: 1077351063, guid: f70555f144d8491a825f0804e09c671c, type: 3}
  m_Name: 
  m_EditorClassIdentifier: 
  m_HorizontalAxis: Horizontal
  m_VerticalAxis: Vertical
  m_SubmitButton: Submit
  m_CancelButton: Cancel
  m_InputActionsPerSecond: 10
  m_RepeatDelay: 0.5
  m_ForceModuleActive: 0
--- !u!114 &856213511
MonoBehaviour:
  m_ObjectHideFlags: 0
  m_PrefabParentObject: {fileID: 0}
  m_PrefabInternal: {fileID: 0}
  m_GameObject: {fileID: 856213509}
  m_Enabled: 1
  m_EditorHideFlags: 0
  m_Script: {fileID: -619905303, guid: f70555f144d8491a825f0804e09c671c, type: 3}
  m_Name: 
  m_EditorClassIdentifier: 
  m_FirstSelected: {fileID: 0}
  m_sendNavigationEvents: 1
  m_DragThreshold: 5
--- !u!4 &856213512
Transform:
  m_ObjectHideFlags: 0
  m_PrefabParentObject: {fileID: 0}
  m_PrefabInternal: {fileID: 0}
  m_GameObject: {fileID: 856213509}
  m_LocalRotation: {x: -0, y: -0, z: -0, w: 1}
  m_LocalPosition: {x: 0, y: 0, z: 0}
  m_LocalScale: {x: 1, y: 1, z: 1}
  m_Children: []
  m_Father: {fileID: 0}
  m_RootOrder: 7
  m_LocalEulerAnglesHint: {x: 0, y: 0, z: 0}
--- !u!1001 &863001376
Prefab:
  m_ObjectHideFlags: 0
  serializedVersion: 2
  m_Modification:
    m_TransformParent: {fileID: 1134517254}
    m_Modifications:
    - target: {fileID: 4207486500615118, guid: aa83a8e1a2f579642a4830093d47b225, type: 2}
      propertyPath: m_LocalPosition.x
      value: 4.78
      objectReference: {fileID: 0}
    - target: {fileID: 4207486500615118, guid: aa83a8e1a2f579642a4830093d47b225, type: 2}
      propertyPath: m_LocalPosition.y
      value: 0.5
      objectReference: {fileID: 0}
    - target: {fileID: 4207486500615118, guid: aa83a8e1a2f579642a4830093d47b225, type: 2}
      propertyPath: m_LocalPosition.z
      value: -4.79
      objectReference: {fileID: 0}
    - target: {fileID: 4207486500615118, guid: aa83a8e1a2f579642a4830093d47b225, type: 2}
      propertyPath: m_LocalRotation.x
      value: 0.46193978
      objectReference: {fileID: 0}
    - target: {fileID: 4207486500615118, guid: aa83a8e1a2f579642a4830093d47b225, type: 2}
      propertyPath: m_LocalRotation.y
      value: 0.19134173
      objectReference: {fileID: 0}
    - target: {fileID: 4207486500615118, guid: aa83a8e1a2f579642a4830093d47b225, type: 2}
      propertyPath: m_LocalRotation.z
      value: 0.19134173
      objectReference: {fileID: 0}
    - target: {fileID: 4207486500615118, guid: aa83a8e1a2f579642a4830093d47b225, type: 2}
      propertyPath: m_LocalRotation.w
      value: 0.84462327
      objectReference: {fileID: 0}
    - target: {fileID: 4207486500615118, guid: aa83a8e1a2f579642a4830093d47b225, type: 2}
      propertyPath: m_RootOrder
      value: 9
      objectReference: {fileID: 0}
    - target: {fileID: 4207486500615118, guid: aa83a8e1a2f579642a4830093d47b225, type: 2}
      propertyPath: m_LocalScale.y
      value: 0.50000006
      objectReference: {fileID: 0}
    - target: {fileID: 4207486500615118, guid: aa83a8e1a2f579642a4830093d47b225, type: 2}
      propertyPath: m_LocalScale.z
      value: 0.50000024
      objectReference: {fileID: 0}
    - target: {fileID: 1103488437268322, guid: aa83a8e1a2f579642a4830093d47b225, type: 2}
      propertyPath: m_Name
      value: PickUp (9)
      objectReference: {fileID: 0}
    m_RemovedComponents: []
  m_ParentPrefab: {fileID: 100100000, guid: aa83a8e1a2f579642a4830093d47b225, type: 2}
  m_IsPrefabParent: 0
--- !u!4 &863001377 stripped
Transform:
  m_PrefabParentObject: {fileID: 4207486500615118, guid: aa83a8e1a2f579642a4830093d47b225,
    type: 2}
  m_PrefabInternal: {fileID: 863001376}
--- !u!1001 &890685399
Prefab:
  m_ObjectHideFlags: 0
  serializedVersion: 2
  m_Modification:
    m_TransformParent: {fileID: 1134517254}
    m_Modifications:
    - target: {fileID: 4207486500615118, guid: aa83a8e1a2f579642a4830093d47b225, type: 2}
      propertyPath: m_LocalPosition.x
      value: 6
      objectReference: {fileID: 0}
    - target: {fileID: 4207486500615118, guid: aa83a8e1a2f579642a4830093d47b225, type: 2}
      propertyPath: m_LocalPosition.y
      value: 0.5
      objectReference: {fileID: 0}
    - target: {fileID: 4207486500615118, guid: aa83a8e1a2f579642a4830093d47b225, type: 2}
      propertyPath: m_LocalPosition.z
      value: 0.98
      objectReference: {fileID: 0}
    - target: {fileID: 4207486500615118, guid: aa83a8e1a2f579642a4830093d47b225, type: 2}
      propertyPath: m_LocalRotation.x
      value: 0.46193978
      objectReference: {fileID: 0}
    - target: {fileID: 4207486500615118, guid: aa83a8e1a2f579642a4830093d47b225, type: 2}
      propertyPath: m_LocalRotation.y
      value: 0.19134173
      objectReference: {fileID: 0}
    - target: {fileID: 4207486500615118, guid: aa83a8e1a2f579642a4830093d47b225, type: 2}
      propertyPath: m_LocalRotation.z
      value: 0.19134173
      objectReference: {fileID: 0}
    - target: {fileID: 4207486500615118, guid: aa83a8e1a2f579642a4830093d47b225, type: 2}
      propertyPath: m_LocalRotation.w
      value: 0.84462327
      objectReference: {fileID: 0}
    - target: {fileID: 4207486500615118, guid: aa83a8e1a2f579642a4830093d47b225, type: 2}
      propertyPath: m_RootOrder
      value: 7
      objectReference: {fileID: 0}
    - target: {fileID: 4207486500615118, guid: aa83a8e1a2f579642a4830093d47b225, type: 2}
      propertyPath: m_LocalScale.y
      value: 0.50000006
      objectReference: {fileID: 0}
    - target: {fileID: 4207486500615118, guid: aa83a8e1a2f579642a4830093d47b225, type: 2}
      propertyPath: m_LocalScale.z
      value: 0.50000024
      objectReference: {fileID: 0}
    - target: {fileID: 1103488437268322, guid: aa83a8e1a2f579642a4830093d47b225, type: 2}
      propertyPath: m_Name
      value: PickUp (7)
      objectReference: {fileID: 0}
    m_RemovedComponents: []
  m_ParentPrefab: {fileID: 100100000, guid: aa83a8e1a2f579642a4830093d47b225, type: 2}
  m_IsPrefabParent: 0
--- !u!4 &890685400 stripped
Transform:
  m_PrefabParentObject: {fileID: 4207486500615118, guid: aa83a8e1a2f579642a4830093d47b225,
    type: 2}
  m_PrefabInternal: {fileID: 890685399}
--- !u!1 &920842709
GameObject:
  m_ObjectHideFlags: 0
  m_PrefabParentObject: {fileID: 0}
  m_PrefabInternal: {fileID: 0}
  serializedVersion: 5
  m_Component:
  - component: {fileID: 920842713}
  - component: {fileID: 920842712}
  - component: {fileID: 920842711}
  - component: {fileID: 920842710}
  m_Layer: 0
  m_Name: Est Wall
  m_TagString: Untagged
  m_Icon: {fileID: 0}
  m_NavMeshLayer: 0
  m_StaticEditorFlags: 0
  m_IsActive: 1
--- !u!23 &920842710
MeshRenderer:
  m_ObjectHideFlags: 0
  m_PrefabParentObject: {fileID: 0}
  m_PrefabInternal: {fileID: 0}
  m_GameObject: {fileID: 920842709}
  m_Enabled: 1
  m_CastShadows: 1
  m_ReceiveShadows: 1
  m_DynamicOccludee: 1
  m_MotionVectors: 1
  m_LightProbeUsage: 1
  m_ReflectionProbeUsage: 1
  m_Materials:
  - {fileID: 10303, guid: 0000000000000000f000000000000000, type: 0}
  m_StaticBatchInfo:
    firstSubMesh: 0
    subMeshCount: 0
  m_StaticBatchRoot: {fileID: 0}
  m_ProbeAnchor: {fileID: 0}
  m_LightProbeVolumeOverride: {fileID: 0}
  m_ScaleInLightmap: 1
  m_PreserveUVs: 1
  m_IgnoreNormalsForChartDetection: 0
  m_ImportantGI: 0
  m_StitchLightmapSeams: 0
  m_SelectedEditorRenderState: 3
  m_MinimumChartSize: 4
  m_AutoUVMaxDistance: 0.5
  m_AutoUVMaxAngle: 89
  m_LightmapParameters: {fileID: 0}
  m_SortingLayerID: 0
  m_SortingLayer: 0
  m_SortingOrder: 0
--- !u!65 &920842711
BoxCollider:
  m_ObjectHideFlags: 0
  m_PrefabParentObject: {fileID: 0}
  m_PrefabInternal: {fileID: 0}
  m_GameObject: {fileID: 920842709}
  m_Material: {fileID: 0}
  m_IsTrigger: 0
  m_Enabled: 1
  serializedVersion: 2
  m_Size: {x: 1, y: 1, z: 1}
  m_Center: {x: 0, y: 0, z: 0}
--- !u!33 &920842712
MeshFilter:
  m_ObjectHideFlags: 0
  m_PrefabParentObject: {fileID: 0}
  m_PrefabInternal: {fileID: 0}
  m_GameObject: {fileID: 920842709}
  m_Mesh: {fileID: 10202, guid: 0000000000000000e000000000000000, type: 0}
--- !u!4 &920842713
Transform:
  m_ObjectHideFlags: 0
  m_PrefabParentObject: {fileID: 0}
  m_PrefabInternal: {fileID: 0}
  m_GameObject: {fileID: 920842709}
  m_LocalRotation: {x: -0, y: -0, z: -0, w: 1}
  m_LocalPosition: {x: 10, y: 0, z: 0}
  m_LocalScale: {x: 0.5, y: 2, z: 20.5}
  m_Children: []
  m_Father: {fileID: 759333255}
  m_RootOrder: 1
  m_LocalEulerAnglesHint: {x: 0, y: 0, z: 0}
--- !u!1001 &954344072
Prefab:
  m_ObjectHideFlags: 0
  serializedVersion: 2
  m_Modification:
    m_TransformParent: {fileID: 1134517254}
    m_Modifications:
    - target: {fileID: 4207486500615118, guid: aa83a8e1a2f579642a4830093d47b225, type: 2}
      propertyPath: m_LocalPosition.x
      value: 4.96
      objectReference: {fileID: 0}
    - target: {fileID: 4207486500615118, guid: aa83a8e1a2f579642a4830093d47b225, type: 2}
      propertyPath: m_LocalPosition.y
      value: 0.5
      objectReference: {fileID: 0}
    - target: {fileID: 4207486500615118, guid: aa83a8e1a2f579642a4830093d47b225, type: 2}
      propertyPath: m_LocalPosition.z
      value: 3.75
      objectReference: {fileID: 0}
    - target: {fileID: 4207486500615118, guid: aa83a8e1a2f579642a4830093d47b225, type: 2}
      propertyPath: m_LocalRotation.x
      value: 0.46193978
      objectReference: {fileID: 0}
    - target: {fileID: 4207486500615118, guid: aa83a8e1a2f579642a4830093d47b225, type: 2}
      propertyPath: m_LocalRotation.y
      value: 0.19134173
      objectReference: {fileID: 0}
    - target: {fileID: 4207486500615118, guid: aa83a8e1a2f579642a4830093d47b225, type: 2}
      propertyPath: m_LocalRotation.z
      value: 0.19134173
      objectReference: {fileID: 0}
    - target: {fileID: 4207486500615118, guid: aa83a8e1a2f579642a4830093d47b225, type: 2}
      propertyPath: m_LocalRotation.w
      value: 0.84462327
      objectReference: {fileID: 0}
    - target: {fileID: 4207486500615118, guid: aa83a8e1a2f579642a4830093d47b225, type: 2}
      propertyPath: m_RootOrder
      value: 6
      objectReference: {fileID: 0}
    - target: {fileID: 4207486500615118, guid: aa83a8e1a2f579642a4830093d47b225, type: 2}
      propertyPath: m_LocalScale.y
      value: 0.50000006
      objectReference: {fileID: 0}
    - target: {fileID: 4207486500615118, guid: aa83a8e1a2f579642a4830093d47b225, type: 2}
      propertyPath: m_LocalScale.z
      value: 0.50000024
      objectReference: {fileID: 0}
    - target: {fileID: 1103488437268322, guid: aa83a8e1a2f579642a4830093d47b225, type: 2}
      propertyPath: m_Name
      value: PickUp (6)
      objectReference: {fileID: 0}
    m_RemovedComponents: []
  m_ParentPrefab: {fileID: 100100000, guid: aa83a8e1a2f579642a4830093d47b225, type: 2}
  m_IsPrefabParent: 0
--- !u!4 &954344073 stripped
Transform:
  m_PrefabParentObject: {fileID: 4207486500615118, guid: aa83a8e1a2f579642a4830093d47b225,
    type: 2}
  m_PrefabInternal: {fileID: 954344072}
--- !u!1 &1134517253
GameObject:
  m_ObjectHideFlags: 0
  m_PrefabParentObject: {fileID: 0}
  m_PrefabInternal: {fileID: 0}
  serializedVersion: 5
  m_Component:
  - component: {fileID: 1134517254}
  m_Layer: 0
  m_Name: PickUps
  m_TagString: Untagged
  m_Icon: {fileID: 0}
  m_NavMeshLayer: 0
  m_StaticEditorFlags: 0
  m_IsActive: 1
--- !u!4 &1134517254
Transform:
  m_ObjectHideFlags: 0
  m_PrefabParentObject: {fileID: 0}
  m_PrefabInternal: {fileID: 0}
  m_GameObject: {fileID: 1134517253}
  m_LocalRotation: {x: 0, y: 0, z: 0, w: 1}
  m_LocalPosition: {x: 0, y: 0, z: 0}
  m_LocalScale: {x: 1, y: 1, z: 1}
  m_Children:
  - {fileID: 654056625}
  - {fileID: 440398634}
  - {fileID: 1160057310}
  - {fileID: 1819969721}
  - {fileID: 1867633403}
  - {fileID: 159041520}
  - {fileID: 954344073}
  - {fileID: 890685400}
  - {fileID: 1950503412}
  - {fileID: 863001377}
  - {fileID: 2020520696}
  - {fileID: 565974322}
  - {fileID: 423348693}
  - {fileID: 403340266}
  - {fileID: 378138698}
  - {fileID: 1874518195}
  - {fileID: 1862138286}
  - {fileID: 2137930854}
  - {fileID: 759333255}
  m_Father: {fileID: 0}
  m_RootOrder: 4
  m_LocalEulerAnglesHint: {x: 0, y: 0, z: 0}
--- !u!1001 &1160057309
Prefab:
  m_ObjectHideFlags: 0
  serializedVersion: 2
  m_Modification:
    m_TransformParent: {fileID: 1134517254}
    m_Modifications:
    - target: {fileID: 4207486500615118, guid: aa83a8e1a2f579642a4830093d47b225, type: 2}
      propertyPath: m_LocalPosition.x
      value: -0.58
      objectReference: {fileID: 0}
    - target: {fileID: 4207486500615118, guid: aa83a8e1a2f579642a4830093d47b225, type: 2}
      propertyPath: m_LocalPosition.y
      value: 0.5
      objectReference: {fileID: 0}
    - target: {fileID: 4207486500615118, guid: aa83a8e1a2f579642a4830093d47b225, type: 2}
      propertyPath: m_LocalPosition.z
      value: 6.23
      objectReference: {fileID: 0}
    - target: {fileID: 4207486500615118, guid: aa83a8e1a2f579642a4830093d47b225, type: 2}
      propertyPath: m_LocalRotation.x
      value: 0.46193978
      objectReference: {fileID: 0}
    - target: {fileID: 4207486500615118, guid: aa83a8e1a2f579642a4830093d47b225, type: 2}
      propertyPath: m_LocalRotation.y
      value: 0.19134173
      objectReference: {fileID: 0}
    - target: {fileID: 4207486500615118, guid: aa83a8e1a2f579642a4830093d47b225, type: 2}
      propertyPath: m_LocalRotation.z
      value: 0.19134173
      objectReference: {fileID: 0}
    - target: {fileID: 4207486500615118, guid: aa83a8e1a2f579642a4830093d47b225, type: 2}
      propertyPath: m_LocalRotation.w
      value: 0.84462327
      objectReference: {fileID: 0}
    - target: {fileID: 4207486500615118, guid: aa83a8e1a2f579642a4830093d47b225, type: 2}
      propertyPath: m_RootOrder
      value: 2
      objectReference: {fileID: 0}
    - target: {fileID: 4207486500615118, guid: aa83a8e1a2f579642a4830093d47b225, type: 2}
      propertyPath: m_LocalScale.y
      value: 0.50000006
      objectReference: {fileID: 0}
    - target: {fileID: 4207486500615118, guid: aa83a8e1a2f579642a4830093d47b225, type: 2}
      propertyPath: m_LocalScale.z
      value: 0.50000024
      objectReference: {fileID: 0}
    - target: {fileID: 1103488437268322, guid: aa83a8e1a2f579642a4830093d47b225, type: 2}
      propertyPath: m_Name
      value: PickUp (2)
      objectReference: {fileID: 0}
    m_RemovedComponents: []
  m_ParentPrefab: {fileID: 100100000, guid: aa83a8e1a2f579642a4830093d47b225, type: 2}
  m_IsPrefabParent: 0
--- !u!4 &1160057310 stripped
Transform:
  m_PrefabParentObject: {fileID: 4207486500615118, guid: aa83a8e1a2f579642a4830093d47b225,
    type: 2}
  m_PrefabInternal: {fileID: 1160057309}
--- !u!1 &1268766934
GameObject:
  m_ObjectHideFlags: 0
  m_PrefabParentObject: {fileID: 0}
  m_PrefabInternal: {fileID: 0}
  serializedVersion: 5
  m_Component:
  - component: {fileID: 1268766938}
  - component: {fileID: 1268766937}
  - component: {fileID: 1268766936}
  - component: {fileID: 1268766935}
  - component: {fileID: 1268766940}
  - component: {fileID: 1268766939}
  m_Layer: 0
  m_Name: Player
  m_TagString: Untagged
  m_Icon: {fileID: 0}
  m_NavMeshLayer: 0
  m_StaticEditorFlags: 0
  m_IsActive: 1
--- !u!23 &1268766935
MeshRenderer:
  m_ObjectHideFlags: 0
  m_PrefabParentObject: {fileID: 0}
  m_PrefabInternal: {fileID: 0}
  m_GameObject: {fileID: 1268766934}
  m_Enabled: 1
  m_CastShadows: 1
  m_ReceiveShadows: 1
  m_DynamicOccludee: 1
  m_MotionVectors: 1
  m_LightProbeUsage: 1
  m_ReflectionProbeUsage: 1
  m_Materials:
  - {fileID: 10303, guid: 0000000000000000f000000000000000, type: 0}
  m_StaticBatchInfo:
    firstSubMesh: 0
    subMeshCount: 0
  m_StaticBatchRoot: {fileID: 0}
  m_ProbeAnchor: {fileID: 0}
  m_LightProbeVolumeOverride: {fileID: 0}
  m_ScaleInLightmap: 1
  m_PreserveUVs: 1
  m_IgnoreNormalsForChartDetection: 0
  m_ImportantGI: 0
  m_StitchLightmapSeams: 0
  m_SelectedEditorRenderState: 3
  m_MinimumChartSize: 4
  m_AutoUVMaxDistance: 0.5
  m_AutoUVMaxAngle: 89
  m_LightmapParameters: {fileID: 0}
  m_SortingLayerID: 0
  m_SortingLayer: 0
  m_SortingOrder: 0
--- !u!135 &1268766936
SphereCollider:
  m_ObjectHideFlags: 0
  m_PrefabParentObject: {fileID: 0}
  m_PrefabInternal: {fileID: 0}
  m_GameObject: {fileID: 1268766934}
  m_Material: {fileID: 0}
  m_IsTrigger: 0
  m_Enabled: 1
  serializedVersion: 2
  m_Radius: 0.5
  m_Center: {x: 0, y: 0, z: 0}
--- !u!33 &1268766937
MeshFilter:
  m_ObjectHideFlags: 0
  m_PrefabParentObject: {fileID: 0}
  m_PrefabInternal: {fileID: 0}
  m_GameObject: {fileID: 1268766934}
  m_Mesh: {fileID: 10207, guid: 0000000000000000e000000000000000, type: 0}
--- !u!4 &1268766938
Transform:
  m_ObjectHideFlags: 0
  m_PrefabParentObject: {fileID: 0}
  m_PrefabInternal: {fileID: 0}
  m_GameObject: {fileID: 1268766934}
  m_LocalRotation: {x: 0, y: 0, z: 0, w: 1}
  m_LocalPosition: {x: 0, y: 0.5, z: 0}
  m_LocalScale: {x: 1, y: 1, z: 1}
  m_Children: []
  m_Father: {fileID: 0}
  m_RootOrder: 2
  m_LocalEulerAnglesHint: {x: 0, y: 0, z: 0}
--- !u!114 &1268766939
MonoBehaviour:
  m_ObjectHideFlags: 0
  m_PrefabParentObject: {fileID: 0}
  m_PrefabInternal: {fileID: 0}
  m_GameObject: {fileID: 1268766934}
  m_Enabled: 1
  m_EditorHideFlags: 0
  m_Script: {fileID: 11500000, guid: 8553cc6b94cfdb746b079ab31487edea, type: 3}
  m_Name: 
  m_EditorClassIdentifier: 
  speed: 10
  countText: {fileID: 657786982}
  winText: {fileID: 764037063}
--- !u!54 &1268766940
Rigidbody:
  m_ObjectHideFlags: 0
  m_PrefabParentObject: {fileID: 0}
  m_PrefabInternal: {fileID: 0}
  m_GameObject: {fileID: 1268766934}
  serializedVersion: 2
  m_Mass: 1
  m_Drag: 0
  m_AngularDrag: 0.05
  m_UseGravity: 1
  m_IsKinematic: 0
  m_Interpolate: 0
  m_Constraints: 0
  m_CollisionDetection: 0
--- !u!1 &1285018910
GameObject:
  m_ObjectHideFlags: 0
  m_PrefabParentObject: {fileID: 0}
  m_PrefabInternal: {fileID: 0}
  serializedVersion: 5
  m_Component:
  - component: {fileID: 1285018914}
  - component: {fileID: 1285018913}
  - component: {fileID: 1285018912}
  - component: {fileID: 1285018911}
  m_Layer: 0
  m_Name: West Wall
  m_TagString: Untagged
  m_Icon: {fileID: 0}
  m_NavMeshLayer: 0
  m_StaticEditorFlags: 0
  m_IsActive: 1
--- !u!23 &1285018911
MeshRenderer:
  m_ObjectHideFlags: 0
  m_PrefabParentObject: {fileID: 0}
  m_PrefabInternal: {fileID: 0}
  m_GameObject: {fileID: 1285018910}
  m_Enabled: 1
  m_CastShadows: 1
  m_ReceiveShadows: 1
  m_DynamicOccludee: 1
  m_MotionVectors: 1
  m_LightProbeUsage: 1
  m_ReflectionProbeUsage: 1
  m_Materials:
  - {fileID: 10303, guid: 0000000000000000f000000000000000, type: 0}
  m_StaticBatchInfo:
    firstSubMesh: 0
    subMeshCount: 0
  m_StaticBatchRoot: {fileID: 0}
  m_ProbeAnchor: {fileID: 0}
  m_LightProbeVolumeOverride: {fileID: 0}
  m_ScaleInLightmap: 1
  m_PreserveUVs: 1
  m_IgnoreNormalsForChartDetection: 0
  m_ImportantGI: 0
  m_StitchLightmapSeams: 0
  m_SelectedEditorRenderState: 3
  m_MinimumChartSize: 4
  m_AutoUVMaxDistance: 0.5
  m_AutoUVMaxAngle: 89
  m_LightmapParameters: {fileID: 0}
  m_SortingLayerID: 0
  m_SortingLayer: 0
  m_SortingOrder: 0
--- !u!65 &1285018912
BoxCollider:
  m_ObjectHideFlags: 0
  m_PrefabParentObject: {fileID: 0}
  m_PrefabInternal: {fileID: 0}
  m_GameObject: {fileID: 1285018910}
  m_Material: {fileID: 0}
  m_IsTrigger: 0
  m_Enabled: 1
  serializedVersion: 2
  m_Size: {x: 1, y: 1, z: 1}
  m_Center: {x: 0, y: 0, z: 0}
--- !u!33 &1285018913
MeshFilter:
  m_ObjectHideFlags: 0
  m_PrefabParentObject: {fileID: 0}
  m_PrefabInternal: {fileID: 0}
  m_GameObject: {fileID: 1285018910}
  m_Mesh: {fileID: 10202, guid: 0000000000000000e000000000000000, type: 0}
--- !u!4 &1285018914
Transform:
  m_ObjectHideFlags: 0
  m_PrefabParentObject: {fileID: 0}
  m_PrefabInternal: {fileID: 0}
  m_GameObject: {fileID: 1285018910}
  m_LocalRotation: {x: -0, y: -0, z: -0, w: 1}
  m_LocalPosition: {x: -10, y: 0, z: 0}
  m_LocalScale: {x: 0.5, y: 2, z: 20.5}
  m_Children: []
  m_Father: {fileID: 759333255}
  m_RootOrder: 0
  m_LocalEulerAnglesHint: {x: 0, y: 0, z: 0}
--- !u!1 &1488494349
GameObject:
  m_ObjectHideFlags: 0
  m_PrefabParentObject: {fileID: 0}
  m_PrefabInternal: {fileID: 0}
  serializedVersion: 5
  m_Component:
  - component: {fileID: 1488494353}
  - component: {fileID: 1488494352}
  - component: {fileID: 1488494351}
  - component: {fileID: 1488494350}
  - component: {fileID: 1488494354}
  m_Layer: 5
  m_Name: Canvas
  m_TagString: Untagged
  m_Icon: {fileID: 0}
  m_NavMeshLayer: 0
  m_StaticEditorFlags: 0
  m_IsActive: 1
--- !u!114 &1488494350
MonoBehaviour:
  m_ObjectHideFlags: 0
  m_PrefabParentObject: {fileID: 0}
  m_PrefabInternal: {fileID: 0}
  m_GameObject: {fileID: 1488494349}
  m_Enabled: 1
  m_EditorHideFlags: 0
  m_Script: {fileID: 1301386320, guid: f70555f144d8491a825f0804e09c671c, type: 3}
  m_Name: 
  m_EditorClassIdentifier: 
  m_IgnoreReversedGraphics: 1
  m_BlockingObjects: 0
  m_BlockingMask:
    serializedVersion: 2
    m_Bits: 4294967295
--- !u!114 &1488494351
MonoBehaviour:
  m_ObjectHideFlags: 0
  m_PrefabParentObject: {fileID: 0}
  m_PrefabInternal: {fileID: 0}
  m_GameObject: {fileID: 1488494349}
  m_Enabled: 1
  m_EditorHideFlags: 0
  m_Script: {fileID: 1980459831, guid: f70555f144d8491a825f0804e09c671c, type: 3}
  m_Name: 
  m_EditorClassIdentifier: 
  m_UiScaleMode: 0
  m_ReferencePixelsPerUnit: 100
  m_ScaleFactor: 1
  m_ReferenceResolution: {x: 800, y: 600}
  m_ScreenMatchMode: 0
  m_MatchWidthOrHeight: 0
  m_PhysicalUnit: 3
  m_FallbackScreenDPI: 96
  m_DefaultSpriteDPI: 96
  m_DynamicPixelsPerUnit: 1
--- !u!223 &1488494352
Canvas:
  m_ObjectHideFlags: 0
  m_PrefabParentObject: {fileID: 0}
  m_PrefabInternal: {fileID: 0}
  m_GameObject: {fileID: 1488494349}
  m_Enabled: 1
  serializedVersion: 3
  m_RenderMode: 0
  m_Camera: {fileID: 0}
  m_PlaneDistance: 100
  m_PixelPerfect: 0
  m_ReceivesEvents: 1
  m_OverrideSorting: 0
  m_OverridePixelPerfect: 0
  m_SortingBucketNormalizedSize: 0
  m_AdditionalShaderChannelsFlag: 0
  m_SortingLayerID: 0
  m_SortingOrder: 0
  m_TargetDisplay: 0
--- !u!224 &1488494353
RectTransform:
  m_ObjectHideFlags: 0
  m_PrefabParentObject: {fileID: 0}
  m_PrefabInternal: {fileID: 0}
  m_GameObject: {fileID: 1488494349}
  m_LocalRotation: {x: 0, y: 0, z: 0, w: 1}
  m_LocalPosition: {x: 0, y: 0, z: 0}
  m_LocalScale: {x: 0, y: 0, z: 0}
  m_Children:
  - {fileID: 657786981}
  - {fileID: 764037062}
  - {fileID: 2057132561}
  m_Father: {fileID: 0}
  m_RootOrder: 6
  m_LocalEulerAnglesHint: {x: 0, y: 0, z: 0}
  m_AnchorMin: {x: 0, y: 0}
  m_AnchorMax: {x: 0, y: 0}
  m_AnchoredPosition: {x: 0, y: 0}
  m_SizeDelta: {x: 0, y: 0}
  m_Pivot: {x: 0, y: 0}
--- !u!114 &1488494354
MonoBehaviour:
  m_ObjectHideFlags: 0
  m_PrefabParentObject: {fileID: 0}
  m_PrefabInternal: {fileID: 0}
  m_GameObject: {fileID: 1488494349}
  m_Enabled: 1
  m_EditorHideFlags: 0
  m_Script: {fileID: 11500000, guid: fc41a34ff9aad834886198b097f756d2, type: 3}
  m_Name: 
  m_EditorClassIdentifier: 
  PauseMenu: {fileID: 2057132560}
  music: {fileID: 610350751}
--- !u!1001 &1819969720
Prefab:
  m_ObjectHideFlags: 0
  serializedVersion: 2
  m_Modification:
    m_TransformParent: {fileID: 1134517254}
    m_Modifications:
    - target: {fileID: 4207486500615118, guid: aa83a8e1a2f579642a4830093d47b225, type: 2}
      propertyPath: m_LocalPosition.x
      value: -0.58
      objectReference: {fileID: 0}
    - target: {fileID: 4207486500615118, guid: aa83a8e1a2f579642a4830093d47b225, type: 2}
      propertyPath: m_LocalPosition.y
      value: 0.5
      objectReference: {fileID: 0}
    - target: {fileID: 4207486500615118, guid: aa83a8e1a2f579642a4830093d47b225, type: 2}
      propertyPath: m_LocalPosition.z
      value: 6.23
      objectReference: {fileID: 0}
    - target: {fileID: 4207486500615118, guid: aa83a8e1a2f579642a4830093d47b225, type: 2}
      propertyPath: m_LocalRotation.x
      value: 0.46193978
      objectReference: {fileID: 0}
    - target: {fileID: 4207486500615118, guid: aa83a8e1a2f579642a4830093d47b225, type: 2}
      propertyPath: m_LocalRotation.y
      value: 0.19134173
      objectReference: {fileID: 0}
    - target: {fileID: 4207486500615118, guid: aa83a8e1a2f579642a4830093d47b225, type: 2}
      propertyPath: m_LocalRotation.z
      value: 0.19134173
      objectReference: {fileID: 0}
    - target: {fileID: 4207486500615118, guid: aa83a8e1a2f579642a4830093d47b225, type: 2}
      propertyPath: m_LocalRotation.w
      value: 0.84462327
      objectReference: {fileID: 0}
    - target: {fileID: 4207486500615118, guid: aa83a8e1a2f579642a4830093d47b225, type: 2}
      propertyPath: m_RootOrder
      value: 3
      objectReference: {fileID: 0}
    - target: {fileID: 4207486500615118, guid: aa83a8e1a2f579642a4830093d47b225, type: 2}
      propertyPath: m_LocalScale.y
      value: 0.50000006
      objectReference: {fileID: 0}
    - target: {fileID: 4207486500615118, guid: aa83a8e1a2f579642a4830093d47b225, type: 2}
      propertyPath: m_LocalScale.z
      value: 0.50000024
      objectReference: {fileID: 0}
    - target: {fileID: 1103488437268322, guid: aa83a8e1a2f579642a4830093d47b225, type: 2}
      propertyPath: m_Name
      value: PickUp (3)
      objectReference: {fileID: 0}
    m_RemovedComponents: []
  m_ParentPrefab: {fileID: 100100000, guid: aa83a8e1a2f579642a4830093d47b225, type: 2}
  m_IsPrefabParent: 0
--- !u!4 &1819969721 stripped
Transform:
  m_PrefabParentObject: {fileID: 4207486500615118, guid: aa83a8e1a2f579642a4830093d47b225,
    type: 2}
  m_PrefabInternal: {fileID: 1819969720}
--- !u!1001 &1862138285
Prefab:
  m_ObjectHideFlags: 0
  serializedVersion: 2
  m_Modification:
    m_TransformParent: {fileID: 1134517254}
    m_Modifications:
    - target: {fileID: 4207486500615118, guid: aa83a8e1a2f579642a4830093d47b225, type: 2}
      propertyPath: m_LocalPosition.x
      value: -6.41
      objectReference: {fileID: 0}
    - target: {fileID: 4207486500615118, guid: aa83a8e1a2f579642a4830093d47b225, type: 2}
      propertyPath: m_LocalPosition.y
      value: 0.5
      objectReference: {fileID: 0}
    - target: {fileID: 4207486500615118, guid: aa83a8e1a2f579642a4830093d47b225, type: 2}
      propertyPath: m_LocalPosition.z
      value: 0.64
      objectReference: {fileID: 0}
    - target: {fileID: 4207486500615118, guid: aa83a8e1a2f579642a4830093d47b225, type: 2}
      propertyPath: m_LocalRotation.x
      value: 0.46193978
      objectReference: {fileID: 0}
    - target: {fileID: 4207486500615118, guid: aa83a8e1a2f579642a4830093d47b225, type: 2}
      propertyPath: m_LocalRotation.y
      value: 0.19134173
      objectReference: {fileID: 0}
    - target: {fileID: 4207486500615118, guid: aa83a8e1a2f579642a4830093d47b225, type: 2}
      propertyPath: m_LocalRotation.z
      value: 0.19134173
      objectReference: {fileID: 0}
    - target: {fileID: 4207486500615118, guid: aa83a8e1a2f579642a4830093d47b225, type: 2}
      propertyPath: m_LocalRotation.w
      value: 0.84462327
      objectReference: {fileID: 0}
    - target: {fileID: 4207486500615118, guid: aa83a8e1a2f579642a4830093d47b225, type: 2}
      propertyPath: m_RootOrder
      value: 16
      objectReference: {fileID: 0}
    - target: {fileID: 4207486500615118, guid: aa83a8e1a2f579642a4830093d47b225, type: 2}
      propertyPath: m_LocalScale.y
      value: 0.50000006
      objectReference: {fileID: 0}
    - target: {fileID: 4207486500615118, guid: aa83a8e1a2f579642a4830093d47b225, type: 2}
      propertyPath: m_LocalScale.z
      value: 0.50000024
      objectReference: {fileID: 0}
    - target: {fileID: 1103488437268322, guid: aa83a8e1a2f579642a4830093d47b225, type: 2}
      propertyPath: m_Name
      value: PickUp (16)
      objectReference: {fileID: 0}
    m_RemovedComponents: []
  m_ParentPrefab: {fileID: 100100000, guid: aa83a8e1a2f579642a4830093d47b225, type: 2}
  m_IsPrefabParent: 0
--- !u!4 &1862138286 stripped
Transform:
  m_PrefabParentObject: {fileID: 4207486500615118, guid: aa83a8e1a2f579642a4830093d47b225,
    type: 2}
  m_PrefabInternal: {fileID: 1862138285}
--- !u!1001 &1867633402
Prefab:
  m_ObjectHideFlags: 0
  serializedVersion: 2
  m_Modification:
    m_TransformParent: {fileID: 1134517254}
    m_Modifications:
    - target: {fileID: 4207486500615118, guid: aa83a8e1a2f579642a4830093d47b225, type: 2}
      propertyPath: m_LocalPosition.x
      value: 1.38
      objectReference: {fileID: 0}
    - target: {fileID: 4207486500615118, guid: aa83a8e1a2f579642a4830093d47b225, type: 2}
      propertyPath: m_LocalPosition.y
      value: 0.5
      objectReference: {fileID: 0}
    - target: {fileID: 4207486500615118, guid: aa83a8e1a2f579642a4830093d47b225, type: 2}
      propertyPath: m_LocalPosition.z
      value: 5.83
      objectReference: {fileID: 0}
    - target: {fileID: 4207486500615118, guid: aa83a8e1a2f579642a4830093d47b225, type: 2}
      propertyPath: m_LocalRotation.x
      value: 0.46193978
      objectReference: {fileID: 0}
    - target: {fileID: 4207486500615118, guid: aa83a8e1a2f579642a4830093d47b225, type: 2}
      propertyPath: m_LocalRotation.y
      value: 0.19134173
      objectReference: {fileID: 0}
    - target: {fileID: 4207486500615118, guid: aa83a8e1a2f579642a4830093d47b225, type: 2}
      propertyPath: m_LocalRotation.z
      value: 0.19134173
      objectReference: {fileID: 0}
    - target: {fileID: 4207486500615118, guid: aa83a8e1a2f579642a4830093d47b225, type: 2}
      propertyPath: m_LocalRotation.w
      value: 0.84462327
      objectReference: {fileID: 0}
    - target: {fileID: 4207486500615118, guid: aa83a8e1a2f579642a4830093d47b225, type: 2}
      propertyPath: m_RootOrder
      value: 4
      objectReference: {fileID: 0}
    - target: {fileID: 4207486500615118, guid: aa83a8e1a2f579642a4830093d47b225, type: 2}
      propertyPath: m_LocalScale.y
      value: 0.50000006
      objectReference: {fileID: 0}
    - target: {fileID: 4207486500615118, guid: aa83a8e1a2f579642a4830093d47b225, type: 2}
      propertyPath: m_LocalScale.z
      value: 0.50000024
      objectReference: {fileID: 0}
    - target: {fileID: 1103488437268322, guid: aa83a8e1a2f579642a4830093d47b225, type: 2}
      propertyPath: m_Name
      value: PickUp (4)
      objectReference: {fileID: 0}
    m_RemovedComponents: []
  m_ParentPrefab: {fileID: 100100000, guid: aa83a8e1a2f579642a4830093d47b225, type: 2}
  m_IsPrefabParent: 0
--- !u!4 &1867633403 stripped
Transform:
  m_PrefabParentObject: {fileID: 4207486500615118, guid: aa83a8e1a2f579642a4830093d47b225,
    type: 2}
  m_PrefabInternal: {fileID: 1867633402}
--- !u!1001 &1874518194
Prefab:
  m_ObjectHideFlags: 0
  serializedVersion: 2
  m_Modification:
    m_TransformParent: {fileID: 1134517254}
    m_Modifications:
    - target: {fileID: 4207486500615118, guid: aa83a8e1a2f579642a4830093d47b225, type: 2}
      propertyPath: m_LocalPosition.x
      value: -6.47
      objectReference: {fileID: 0}
    - target: {fileID: 4207486500615118, guid: aa83a8e1a2f579642a4830093d47b225, type: 2}
      propertyPath: m_LocalPosition.y
      value: 0.5
      objectReference: {fileID: 0}
    - target: {fileID: 4207486500615118, guid: aa83a8e1a2f579642a4830093d47b225, type: 2}
      propertyPath: m_LocalPosition.z
      value: -1.21
      objectReference: {fileID: 0}
    - target: {fileID: 4207486500615118, guid: aa83a8e1a2f579642a4830093d47b225, type: 2}
      propertyPath: m_LocalRotation.x
      value: 0.46193978
      objectReference: {fileID: 0}
    - target: {fileID: 4207486500615118, guid: aa83a8e1a2f579642a4830093d47b225, type: 2}
      propertyPath: m_LocalRotation.y
      value: 0.19134173
      objectReference: {fileID: 0}
    - target: {fileID: 4207486500615118, guid: aa83a8e1a2f579642a4830093d47b225, type: 2}
      propertyPath: m_LocalRotation.z
      value: 0.19134173
      objectReference: {fileID: 0}
    - target: {fileID: 4207486500615118, guid: aa83a8e1a2f579642a4830093d47b225, type: 2}
      propertyPath: m_LocalRotation.w
      value: 0.84462327
      objectReference: {fileID: 0}
    - target: {fileID: 4207486500615118, guid: aa83a8e1a2f579642a4830093d47b225, type: 2}
      propertyPath: m_RootOrder
      value: 15
      objectReference: {fileID: 0}
    - target: {fileID: 4207486500615118, guid: aa83a8e1a2f579642a4830093d47b225, type: 2}
      propertyPath: m_LocalScale.y
      value: 0.50000006
      objectReference: {fileID: 0}
    - target: {fileID: 4207486500615118, guid: aa83a8e1a2f579642a4830093d47b225, type: 2}
      propertyPath: m_LocalScale.z
      value: 0.50000024
      objectReference: {fileID: 0}
    - target: {fileID: 1103488437268322, guid: aa83a8e1a2f579642a4830093d47b225, type: 2}
      propertyPath: m_Name
      value: PickUp (15)
      objectReference: {fileID: 0}
    m_RemovedComponents: []
  m_ParentPrefab: {fileID: 100100000, guid: aa83a8e1a2f579642a4830093d47b225, type: 2}
  m_IsPrefabParent: 0
--- !u!4 &1874518195 stripped
Transform:
  m_PrefabParentObject: {fileID: 4207486500615118, guid: aa83a8e1a2f579642a4830093d47b225,
    type: 2}
  m_PrefabInternal: {fileID: 1874518194}
--- !u!1001 &1929830996
Prefab:
  m_ObjectHideFlags: 0
  serializedVersion: 2
  m_Modification:
    m_TransformParent: {fileID: 1488494353}
    m_Modifications:
    - target: {fileID: 224284833706304678, guid: 528caceb15b53f343ab95cef018122cf,
        type: 2}
      propertyPath: m_LocalPosition.x
      value: 0
      objectReference: {fileID: 0}
    - target: {fileID: 224284833706304678, guid: 528caceb15b53f343ab95cef018122cf,
        type: 2}
      propertyPath: m_LocalPosition.y
      value: 0
      objectReference: {fileID: 0}
    - target: {fileID: 224284833706304678, guid: 528caceb15b53f343ab95cef018122cf,
        type: 2}
      propertyPath: m_LocalPosition.z
      value: 0
      objectReference: {fileID: 0}
    - target: {fileID: 224284833706304678, guid: 528caceb15b53f343ab95cef018122cf,
        type: 2}
      propertyPath: m_LocalRotation.x
      value: 0
      objectReference: {fileID: 0}
    - target: {fileID: 224284833706304678, guid: 528caceb15b53f343ab95cef018122cf,
        type: 2}
      propertyPath: m_LocalRotation.y
      value: 0
      objectReference: {fileID: 0}
    - target: {fileID: 224284833706304678, guid: 528caceb15b53f343ab95cef018122cf,
        type: 2}
      propertyPath: m_LocalRotation.z
      value: 0
      objectReference: {fileID: 0}
    - target: {fileID: 224284833706304678, guid: 528caceb15b53f343ab95cef018122cf,
        type: 2}
      propertyPath: m_LocalRotation.w
      value: 1
      objectReference: {fileID: 0}
    - target: {fileID: 224284833706304678, guid: 528caceb15b53f343ab95cef018122cf,
        type: 2}
      propertyPath: m_RootOrder
      value: 2
      objectReference: {fileID: 0}
    - target: {fileID: 224284833706304678, guid: 528caceb15b53f343ab95cef018122cf,
        type: 2}
      propertyPath: m_AnchoredPosition.x
      value: 0
      objectReference: {fileID: 0}
    - target: {fileID: 224284833706304678, guid: 528caceb15b53f343ab95cef018122cf,
        type: 2}
      propertyPath: m_AnchoredPosition.y
      value: 0
      objectReference: {fileID: 0}
    - target: {fileID: 224284833706304678, guid: 528caceb15b53f343ab95cef018122cf,
        type: 2}
      propertyPath: m_SizeDelta.x
      value: 0
      objectReference: {fileID: 0}
    - target: {fileID: 224284833706304678, guid: 528caceb15b53f343ab95cef018122cf,
        type: 2}
      propertyPath: m_SizeDelta.y
      value: 0
      objectReference: {fileID: 0}
    - target: {fileID: 224284833706304678, guid: 528caceb15b53f343ab95cef018122cf,
        type: 2}
      propertyPath: m_AnchorMin.x
      value: 0
      objectReference: {fileID: 0}
    - target: {fileID: 224284833706304678, guid: 528caceb15b53f343ab95cef018122cf,
        type: 2}
      propertyPath: m_AnchorMin.y
      value: 0
      objectReference: {fileID: 0}
    - target: {fileID: 224284833706304678, guid: 528caceb15b53f343ab95cef018122cf,
        type: 2}
      propertyPath: m_AnchorMax.x
      value: 1
      objectReference: {fileID: 0}
    - target: {fileID: 224284833706304678, guid: 528caceb15b53f343ab95cef018122cf,
        type: 2}
      propertyPath: m_AnchorMax.y
      value: 1
      objectReference: {fileID: 0}
    - target: {fileID: 224284833706304678, guid: 528caceb15b53f343ab95cef018122cf,
        type: 2}
      propertyPath: m_Pivot.x
      value: 0.5
      objectReference: {fileID: 0}
    - target: {fileID: 224284833706304678, guid: 528caceb15b53f343ab95cef018122cf,
        type: 2}
      propertyPath: m_Pivot.y
      value: 0.5
      objectReference: {fileID: 0}
    - target: {fileID: 114046111166474696, guid: 528caceb15b53f343ab95cef018122cf,
        type: 2}
      propertyPath: m_OnClick.m_PersistentCalls.m_Calls.Array.data[0].m_Target
      value: 
      objectReference: {fileID: 1488494354}
    - target: {fileID: 114905987577473836, guid: 528caceb15b53f343ab95cef018122cf,
        type: 2}
      propertyPath: m_OnClick.m_PersistentCalls.m_Calls.Array.data[0].m_Target
      value: 
      objectReference: {fileID: 1488494354}
    - target: {fileID: 114912825928855532, guid: 528caceb15b53f343ab95cef018122cf,
        type: 2}
      propertyPath: m_OnClick.m_PersistentCalls.m_Calls.Array.data[0].m_Target
      value: 
      objectReference: {fileID: 1488494354}
    - target: {fileID: 1344217653454392, guid: 528caceb15b53f343ab95cef018122cf, type: 2}
      propertyPath: m_IsActive
      value: 0
      objectReference: {fileID: 0}
    m_RemovedComponents: []
  m_ParentPrefab: {fileID: 100100000, guid: 528caceb15b53f343ab95cef018122cf, type: 2}
  m_IsPrefabParent: 0
--- !u!1 &1934251900
GameObject:
  m_ObjectHideFlags: 0
  m_PrefabParentObject: {fileID: 0}
  m_PrefabInternal: {fileID: 0}
  serializedVersion: 5
  m_Component:
  - component: {fileID: 1934251902}
  - component: {fileID: 1934251901}
  m_Layer: 0
  m_Name: Directional Light
  m_TagString: Untagged
  m_Icon: {fileID: 0}
  m_NavMeshLayer: 0
  m_StaticEditorFlags: 0
  m_IsActive: 1
--- !u!108 &1934251901
Light:
  m_ObjectHideFlags: 0
  m_PrefabParentObject: {fileID: 0}
  m_PrefabInternal: {fileID: 0}
  m_GameObject: {fileID: 1934251900}
  m_Enabled: 1
  serializedVersion: 8
  m_Type: 1
  m_Color: {r: 1, g: 0.95686275, b: 0.8392157, a: 1}
  m_Intensity: 1
  m_Range: 10
  m_SpotAngle: 30
  m_CookieSize: 10
  m_Shadows:
    m_Type: 2
    m_Resolution: -1
    m_CustomResolution: -1
    m_Strength: 1
    m_Bias: 0.05
    m_NormalBias: 0.4
    m_NearPlane: 0.2
  m_Cookie: {fileID: 0}
  m_DrawHalo: 0
  m_Flare: {fileID: 0}
  m_RenderMode: 0
  m_CullingMask:
    serializedVersion: 2
    m_Bits: 4294967295
  m_Lightmapping: 4
  m_AreaSize: {x: 1, y: 1}
  m_BounceIntensity: 1
  m_ColorTemperature: 6570
  m_UseColorTemperature: 0
  m_ShadowRadius: 0
  m_ShadowAngle: 0
--- !u!4 &1934251902
Transform:
  m_ObjectHideFlags: 0
  m_PrefabParentObject: {fileID: 0}
  m_PrefabInternal: {fileID: 0}
  m_GameObject: {fileID: 1934251900}
  m_LocalRotation: {x: 0.36599812, y: 0.45315394, z: -0.2113091, w: 0.78488564}
  m_LocalPosition: {x: 0, y: 3, z: 0}
  m_LocalScale: {x: 1, y: 1, z: 1}
  m_Children: []
  m_Father: {fileID: 0}
  m_RootOrder: 0
  m_LocalEulerAnglesHint: {x: 50, y: 60, z: 0}
--- !u!1001 &1950503411
Prefab:
  m_ObjectHideFlags: 0
  serializedVersion: 2
  m_Modification:
    m_TransformParent: {fileID: 1134517254}
    m_Modifications:
    - target: {fileID: 4207486500615118, guid: aa83a8e1a2f579642a4830093d47b225, type: 2}
      propertyPath: m_LocalPosition.x
      value: 6.17
      objectReference: {fileID: 0}
    - target: {fileID: 4207486500615118, guid: aa83a8e1a2f579642a4830093d47b225, type: 2}
      propertyPath: m_LocalPosition.y
      value: 0.5
      objectReference: {fileID: 0}
    - target: {fileID: 4207486500615118, guid: aa83a8e1a2f579642a4830093d47b225, type: 2}
      propertyPath: m_LocalPosition.z
      value: -2.48
      objectReference: {fileID: 0}
    - target: {fileID: 4207486500615118, guid: aa83a8e1a2f579642a4830093d47b225, type: 2}
      propertyPath: m_LocalRotation.x
      value: 0.46193978
      objectReference: {fileID: 0}
    - target: {fileID: 4207486500615118, guid: aa83a8e1a2f579642a4830093d47b225, type: 2}
      propertyPath: m_LocalRotation.y
      value: 0.19134173
      objectReference: {fileID: 0}
    - target: {fileID: 4207486500615118, guid: aa83a8e1a2f579642a4830093d47b225, type: 2}
      propertyPath: m_LocalRotation.z
      value: 0.19134173
      objectReference: {fileID: 0}
    - target: {fileID: 4207486500615118, guid: aa83a8e1a2f579642a4830093d47b225, type: 2}
      propertyPath: m_LocalRotation.w
      value: 0.84462327
      objectReference: {fileID: 0}
    - target: {fileID: 4207486500615118, guid: aa83a8e1a2f579642a4830093d47b225, type: 2}
      propertyPath: m_RootOrder
      value: 8
      objectReference: {fileID: 0}
    - target: {fileID: 4207486500615118, guid: aa83a8e1a2f579642a4830093d47b225, type: 2}
      propertyPath: m_LocalScale.y
      value: 0.50000006
      objectReference: {fileID: 0}
    - target: {fileID: 4207486500615118, guid: aa83a8e1a2f579642a4830093d47b225, type: 2}
      propertyPath: m_LocalScale.z
      value: 0.50000024
      objectReference: {fileID: 0}
    - target: {fileID: 1103488437268322, guid: aa83a8e1a2f579642a4830093d47b225, type: 2}
      propertyPath: m_Name
      value: PickUp (8)
      objectReference: {fileID: 0}
    m_RemovedComponents: []
  m_ParentPrefab: {fileID: 100100000, guid: aa83a8e1a2f579642a4830093d47b225, type: 2}
  m_IsPrefabParent: 0
--- !u!4 &1950503412 stripped
Transform:
  m_PrefabParentObject: {fileID: 4207486500615118, guid: aa83a8e1a2f579642a4830093d47b225,
    type: 2}
  m_PrefabInternal: {fileID: 1950503411}
--- !u!1001 &2020520695
Prefab:
  m_ObjectHideFlags: 0
  serializedVersion: 2
  m_Modification:
    m_TransformParent: {fileID: 1134517254}
    m_Modifications:
    - target: {fileID: 4207486500615118, guid: aa83a8e1a2f579642a4830093d47b225, type: 2}
      propertyPath: m_LocalPosition.x
      value: 2.07
      objectReference: {fileID: 0}
    - target: {fileID: 4207486500615118, guid: aa83a8e1a2f579642a4830093d47b225, type: 2}
      propertyPath: m_LocalPosition.y
      value: 0.5
      objectReference: {fileID: 0}
    - target: {fileID: 4207486500615118, guid: aa83a8e1a2f579642a4830093d47b225, type: 2}
      propertyPath: m_LocalPosition.z
      value: -6.35
      objectReference: {fileID: 0}
    - target: {fileID: 4207486500615118, guid: aa83a8e1a2f579642a4830093d47b225, type: 2}
      propertyPath: m_LocalRotation.x
      value: 0.46193978
      objectReference: {fileID: 0}
    - target: {fileID: 4207486500615118, guid: aa83a8e1a2f579642a4830093d47b225, type: 2}
      propertyPath: m_LocalRotation.y
      value: 0.19134173
      objectReference: {fileID: 0}
    - target: {fileID: 4207486500615118, guid: aa83a8e1a2f579642a4830093d47b225, type: 2}
      propertyPath: m_LocalRotation.z
      value: 0.19134173
      objectReference: {fileID: 0}
    - target: {fileID: 4207486500615118, guid: aa83a8e1a2f579642a4830093d47b225, type: 2}
      propertyPath: m_LocalRotation.w
      value: 0.84462327
      objectReference: {fileID: 0}
    - target: {fileID: 4207486500615118, guid: aa83a8e1a2f579642a4830093d47b225, type: 2}
      propertyPath: m_RootOrder
      value: 10
      objectReference: {fileID: 0}
    - target: {fileID: 4207486500615118, guid: aa83a8e1a2f579642a4830093d47b225, type: 2}
      propertyPath: m_LocalScale.y
      value: 0.50000006
      objectReference: {fileID: 0}
    - target: {fileID: 4207486500615118, guid: aa83a8e1a2f579642a4830093d47b225, type: 2}
      propertyPath: m_LocalScale.z
      value: 0.50000024
      objectReference: {fileID: 0}
    - target: {fileID: 1103488437268322, guid: aa83a8e1a2f579642a4830093d47b225, type: 2}
      propertyPath: m_Name
      value: PickUp (10)
      objectReference: {fileID: 0}
    m_RemovedComponents: []
  m_ParentPrefab: {fileID: 100100000, guid: aa83a8e1a2f579642a4830093d47b225, type: 2}
  m_IsPrefabParent: 0
--- !u!4 &2020520696 stripped
Transform:
  m_PrefabParentObject: {fileID: 4207486500615118, guid: aa83a8e1a2f579642a4830093d47b225,
    type: 2}
  m_PrefabInternal: {fileID: 2020520695}
--- !u!1 &2057132560 stripped
GameObject:
  m_PrefabParentObject: {fileID: 1344217653454392, guid: 528caceb15b53f343ab95cef018122cf,
    type: 2}
  m_PrefabInternal: {fileID: 1929830996}
--- !u!224 &2057132561 stripped
RectTransform:
  m_PrefabParentObject: {fileID: 224284833706304678, guid: 528caceb15b53f343ab95cef018122cf,
    type: 2}
  m_PrefabInternal: {fileID: 1929830996}
--- !u!1001 &2065179798
Prefab:
  m_ObjectHideFlags: 0
  serializedVersion: 2
  m_Modification:
    m_TransformParent: {fileID: 1134517254}
    m_Modifications:
    - target: {fileID: 4207486500615118, guid: aa83a8e1a2f579642a4830093d47b225, type: 2}
      propertyPath: m_LocalPosition.x
      value: -4.56
      objectReference: {fileID: 0}
    - target: {fileID: 4207486500615118, guid: aa83a8e1a2f579642a4830093d47b225, type: 2}
      propertyPath: m_LocalPosition.y
      value: 0.5
      objectReference: {fileID: 0}
    - target: {fileID: 4207486500615118, guid: aa83a8e1a2f579642a4830093d47b225, type: 2}
      propertyPath: m_LocalPosition.z
      value: 5.25
      objectReference: {fileID: 0}
    - target: {fileID: 4207486500615118, guid: aa83a8e1a2f579642a4830093d47b225, type: 2}
      propertyPath: m_LocalRotation.x
      value: 0.46193978
      objectReference: {fileID: 0}
    - target: {fileID: 4207486500615118, guid: aa83a8e1a2f579642a4830093d47b225, type: 2}
      propertyPath: m_LocalRotation.y
      value: 0.19134173
      objectReference: {fileID: 0}
    - target: {fileID: 4207486500615118, guid: aa83a8e1a2f579642a4830093d47b225, type: 2}
      propertyPath: m_LocalRotation.z
      value: 0.19134173
      objectReference: {fileID: 0}
    - target: {fileID: 4207486500615118, guid: aa83a8e1a2f579642a4830093d47b225, type: 2}
      propertyPath: m_LocalRotation.w
      value: 0.84462327
      objectReference: {fileID: 0}
    - target: {fileID: 4207486500615118, guid: aa83a8e1a2f579642a4830093d47b225, type: 2}
      propertyPath: m_RootOrder
      value: 0
      objectReference: {fileID: 0}
    - target: {fileID: 4207486500615118, guid: aa83a8e1a2f579642a4830093d47b225, type: 2}
      propertyPath: m_LocalScale.y
      value: 0.50000006
      objectReference: {fileID: 0}
    - target: {fileID: 4207486500615118, guid: aa83a8e1a2f579642a4830093d47b225, type: 2}
      propertyPath: m_LocalScale.z
      value: 0.50000024
      objectReference: {fileID: 0}
    m_RemovedComponents: []
  m_ParentPrefab: {fileID: 100100000, guid: aa83a8e1a2f579642a4830093d47b225, type: 2}
  m_IsPrefabParent: 0
--- !u!1001 &2137930853
Prefab:
  m_ObjectHideFlags: 0
  serializedVersion: 2
  m_Modification:
    m_TransformParent: {fileID: 1134517254}
    m_Modifications:
    - target: {fileID: 4207486500615118, guid: aa83a8e1a2f579642a4830093d47b225, type: 2}
      propertyPath: m_LocalPosition.x
      value: -5.78
      objectReference: {fileID: 0}
    - target: {fileID: 4207486500615118, guid: aa83a8e1a2f579642a4830093d47b225, type: 2}
      propertyPath: m_LocalPosition.y
      value: 0.5
      objectReference: {fileID: 0}
    - target: {fileID: 4207486500615118, guid: aa83a8e1a2f579642a4830093d47b225, type: 2}
      propertyPath: m_LocalPosition.z
      value: 3.12
      objectReference: {fileID: 0}
    - target: {fileID: 4207486500615118, guid: aa83a8e1a2f579642a4830093d47b225, type: 2}
      propertyPath: m_LocalRotation.x
      value: 0.46193978
      objectReference: {fileID: 0}
    - target: {fileID: 4207486500615118, guid: aa83a8e1a2f579642a4830093d47b225, type: 2}
      propertyPath: m_LocalRotation.y
      value: 0.19134173
      objectReference: {fileID: 0}
    - target: {fileID: 4207486500615118, guid: aa83a8e1a2f579642a4830093d47b225, type: 2}
      propertyPath: m_LocalRotation.z
      value: 0.19134173
      objectReference: {fileID: 0}
    - target: {fileID: 4207486500615118, guid: aa83a8e1a2f579642a4830093d47b225, type: 2}
      propertyPath: m_LocalRotation.w
      value: 0.84462327
      objectReference: {fileID: 0}
    - target: {fileID: 4207486500615118, guid: aa83a8e1a2f579642a4830093d47b225, type: 2}
      propertyPath: m_RootOrder
      value: 17
      objectReference: {fileID: 0}
    - target: {fileID: 4207486500615118, guid: aa83a8e1a2f579642a4830093d47b225, type: 2}
      propertyPath: m_LocalScale.y
      value: 0.50000006
      objectReference: {fileID: 0}
    - target: {fileID: 4207486500615118, guid: aa83a8e1a2f579642a4830093d47b225, type: 2}
      propertyPath: m_LocalScale.z
      value: 0.50000024
      objectReference: {fileID: 0}
    - target: {fileID: 1103488437268322, guid: aa83a8e1a2f579642a4830093d47b225, type: 2}
      propertyPath: m_Name
      value: PickUp (17)
      objectReference: {fileID: 0}
    m_RemovedComponents: []
  m_ParentPrefab: {fileID: 100100000, guid: aa83a8e1a2f579642a4830093d47b225, type: 2}
  m_IsPrefabParent: 0
--- !u!4 &2137930854 stripped
Transform:
  m_PrefabParentObject: {fileID: 4207486500615118, guid: aa83a8e1a2f579642a4830093d47b225,
    type: 2}
  m_PrefabInternal: {fileID: 2137930853}
